2338 2958
69 106 145 144 277

83 175 97 187 V

69 201 165 230 vatas
193 191 359 233 iniurias,
393 197 537 236 propter
563 191 742 237 publicam
765 203 905 236 pacem,
938 198 1058 226 nostra

68 243 315 282 commoditate
349 242 526 286 placemus
555 243 705 276 aliorum
735 243 871 276 animos
894 243 1056 283 offensos,

67 295 176 332 amice
191 306 229 327 ac
243 292 380 337 placide
401 293 623 326 conferamus
649 306 726 327 cuin
755 294 832 326 aliis
851 294 893 325 de
911 293 1054 336 dogma-

67 347 162 382 tibus
185 343 368 388 religionis
395 350 428 377 et
454 344 677 387 gravioribus
693 344 960 382 controversiis,
987 343 1054 388 ipsi

65 393 158 432 nihil
173 401 303 429 temere
319 395 614 438 pronunciemus,
638 395 706 428 nisi
718 395 760 427 de
776 394 957 427 communi
974 406 1054 428 sen-

65 446 174 483 tentia
197 458 277 479 cum
299 445 517 479 doctioribus
543 446 730 488 diligenter
750 445 894 485 collata,
918 445 945 477 si
966 445 1052 490 quid

62 498 108 532 ab
127 497 204 530 aliis
230 496 462 530 tolerabiliter
487 496 621 530 dictum
649 502 716 534 est,
754 507 825 527 non
851 495 968 528 statim
994 508 1052 528 ca-

62 547 238 582 lumniose
261 547 492 590 exagitemus,
524 547 552 580 si
578 546 664 591 quid
687 552 860 585 erratum,
898 546 1051 579 fraterne

61 598 286 634 admonendo
316 598 543 641 corrigamus,
606 596 769 641 Denique
795 596 1050 639 coniungamus

61 650 177 684 studia
196 655 229 682 et
246 660 370 693 operas
393 655 551 691 mutuas,
578 654 617 681 ut
632 654 724 681 extet
740 647 830 680 clare
845 653 878 680 et
901 659 1048 680 consen-

59 701 151 735 tiens
167 699 353 744 explicatio
370 699 477 733 totius
492 699 690 739 doctrinae,
718 698 755 730 in
773 709 841 742 qua
860 695 948 730 nihil
965 695 1049 731 hae-

59 757 134 786 reat
155 750 328 795 perplexi,
362 747 454 783 nihil
478 749 649 792 ambigui:
686 749 722 781 in
741 760 895 789 summa,
923 761 1048 793 quem-

58 802 251 836 admodum
279 800 366 833 alios
389 800 549 834 videmus
565 812 628 844 pro
647 799 718 832 suis
737 799 1047 833 commoditatibus

58 852 243 887 ambitiose
266 858 298 885 et
322 851 539 885 contentiose
564 851 630 884 niti
653 863 692 884 ac
715 862 890 894 pugnare,
917 850 963 883 ita
982 862 1046 886 nos

57 899 376 950 φιλοτιμουμένοι,
412 908 451 935 ut
469 901 620 935 Paulino
645 902 751 934 verbo
772 908 872 941 utar,
899 907 931 934 et
947 901 1045 946 quasi

55 954 216 988 affectato
254 953 371 986 studio
394 949 461 986 hoc
488 964 648 995 agamus,
690 959 729 986 ut
757 952 800 985 sit
827 951 864 984 in
887 949 1045 985 Ecclesia

57 1011 194 1045 sancta,
219 1010 326 1044 tecta,
353 1009 386 1037 et
402 1004 446 1036 ad
464 1010 620 1047 posteros
641 1002 745 1036 etiam
764 1002 936 1035 durabilis
960 1015 1045 1036 con-

54 1055 187 1090 cordia.
239 1052 304 1088 Est
322 1054 416 1087 enim
437 1061 470 1089 et
489 1051 555 1087 hoc
572 1054 665 1087 inter
687 1053 797 1088 multa
812 1051 917 1086 huius
939 1065 1045 1097 gene-

54 1106 102 1140 ris
133 1105 350 1139 sanctissima
384 1111 566 1149 praecepta
593 1104 696 1138 Pauli
729 1105 772 1137 ad
799 1101 929 1147 Ephes.
964 1116 1043 1137 cum

54 1156 152 1191 muni
194 1154 412 1197 humilitate,
461 1155 596 1200 inquit,
639 1167 718 1188 cum
755 1155 1044 1195 mansuetudine,

54 1220 133 1242 cum
149 1206 316 1252 patientia
334 1207 480 1240 tolerate
495 1206 647 1239 invicem
671 1206 708 1238 in
732 1203 919 1246 charitate,
946 1206 1043 1239 solli-

53 1259 115 1293 citi
150 1269 287 1291 servare
319 1257 489 1290 unitatem
525 1257 669 1300 spiritus
704 1257 741 1289 in
769 1257 912 1289 vinculo
937 1257 1042 1301 pacis-

52 1308 231 1344 Unitatem
256 1308 399 1352 spiritus
429 1308 617 1352 praecipit,
652 1305 717 1340 hoc
746 1314 796 1341 est
814 1319 931 1340 veram
958 1320 1042 1340 con-

52 1360 251 1393 sensionem
269 1359 466 1399 doctrinae,
490 1365 523 1392 et
541 1370 616 1391 eam
635 1357 751 1402 inquit
768 1358 942 1391 contineri
959 1369 1042 1401 pace

53 1417 87 1444 et
108 1409 314 1450 concordia,
352 1415 517 1454 tanquam
548 1408 704 1443 vinculo.
767 1407 905 1441 Deinde
937 1406 1042 1441 buius

52 1460 242 1494 sollicitum
258 1459 413 1493 studium
429 1459 598 1505 requirit,
623 1465 656 1491 et
671 1458 842 1502 significat
858 1470 929 1490 non
942 1470 1042 1502 posse

52 1510 252 1545 conservari
270 1508 447 1543 Ecclesiae
475 1510 720 1550 concordiam,
754 1509 821 1541 nisi
842 1508 959 1542 adsint
976 1506 1042 1541 hae

51 1562 218 1602 virtutes,
246 1558 444 1601 humilitas,
468 1561 720 1598 mansuetudo,
744 1559 931 1604 patientia,
962 1559 1042 1603 qui-

52 1613 118 1647 bus
145 1613 238 1646 inter
269 1623 334 1644 nos
364 1618 488 1645 mutuo
521 1611 721 1645 toleremus.
783 1608 945 1644 Christus
969 1610 1042 1654 ipse

51 1663 121 1698 iam
148 1663 363 1696 discessurus
386 1674 404 1695 a
428 1662 516 1703 suis,
550 1659 617 1695 boc
641 1672 752 1695 unum
770 1661 975 1694 mandatum
994 1661 1042 1694 ait

50 1726 87 1749 se
114 1715 332 1759 relinquere,
374 1720 413 1747 ut
446 1713 597 1746 invicem
640 1712 807 1755 diligant,
851 1724 915 1744 nec
950 1711 1042 1755 piget

52 1765 167 1810 ipsum
190 1762 256 1798 hoc
280 1770 503 1809 praeceptum
530 1763 656 1797 iterum
675 1770 778 1807 atque
796 1763 922 1795 iterum
942 1774 1042 1806 repe-

51 1823 123 1851 tere
157 1822 189 1850 et
230 1815 424 1856 inculcare,
458 1821 497 1848 ut
525 1814 714 1857 significet,
749 1820 900 1857 quantae
939 1824 1041 1846 curae

52 1867 137 1901 velit
161 1878 232 1900 esse
258 1866 317 1906 iis,
352 1866 413 1910 qui
437 1872 602 1909 praesunt
626 1863 801 1898 Ecclesiis.
863 1862 981 1906 Quare
1009 1871 1040 1897 et

52 1918 156 1952 nobis
171 1915 237 1950 hoc
263 1917 496 1956 inculcemus,
526 1923 564 1949 ut
582 1926 718 1958 semper
736 1915 781 1947 ob
800 1914 919 1947 oculos
937 1922 969 1947 et
986 1915 1041 1947 in-

51 1969 158 2002 fixum
182 1967 310 2001 animis
331 1964 534 2001 habeamus.
592 1965 748 1998 Maxima
774 1965 925 2009 pericula
948 1972 1040 2005 sunt,

52 2032 141 2065 quae
165 2026 345 2064 expectare
370 2025 508 2063 oportet
531 2017 608 2062 pios
627 2017 785 2050 doctores
809 2023 950 2059 propter
972 2014 1040 2049 Ec-

53 2070 211 2111 clesiam,
237 2082 254 2103 a
271 2068 401 2103 Satana
418 2076 448 2102 et
467 2069 620 2108 mundo,
645 2067 776 2100 multae
794 2073 873 2100 sunt
890 2067 1041 2100 difficul-

53 2127 158 2159 tates,
192 2128 225 2154 et
251 2120 496 2160 incommoda,
533 2131 621 2164 quae
644 2118 680 2150 in
708 2118 781 2161 ipso
805 2125 903 2151 coetu
921 2116 1041 2150 Eccle-

53 2171 124 2204 siae
142 2171 314 2206 incidunt.
367 2170 435 2204 llic
461 2176 600 2214 oportet
627 2181 698 2201 esse
718 2180 878 2210 magnam
898 2168 968 2201 vim
986 2169 1040 2201 di-

53 2221 233 2255 lectionis.
268 2234 356 2266 quae
379 2228 604 2254 contemnere
629 2220 736 2263 possit
761 2218 934 2263 pericula,
963 2232 1040 2264 per-

52 2273 143 2305 ferre
174 2283 294 2304 omnes
330 2272 554 2311 acerbitates,
598 2271 747 2304 tolerare
775 2277 807 2302 et
842 2271 1041 2303 condonare

54 2322 219 2362 iniurias,
246 2323 378 2355 mederi
401 2322 645 2356 incommodis,
698 2321 792 2354 Ilaec
810 2333 879 2353 non
900 2321 1041 2359 faciunt,

52 2374 113 2419 qui
131 2385 203 2406 non
219 2385 257 2406 ex
273 2374 392 2406 animo
409 2373 609 2406 afficiuntur
623 2371 798 2406 Ecclesiae
816 2372 981 2410 miseriis,
1010 2379 1042 2405 et

53 2425 127 2458 eius
159 2424 393 2467 integritatem
428 2435 466 2456 ac
494 2424 658 2464 salutem,
701 2435 760 2455 sna
791 2423 947 2466 ipsorum
972 2423 1040 2456 vita

55 2473 249 2509 chariorem
287 2473 428 2508 habent.
506 2473 626 2518 ltaque
668 2474 892 2507 subiiciamus
931 2475 1042 2515 nobis,

56 2538 124 2570 qua
153 2523 321 2560 charitate
353 2537 417 2558 nos
449 2525 648 2569 complexus
674 2525 717 2558 sit
743 2522 923 2563 Christus,

56 2588 120 2620 pro
148 2577 248 2611 nobis
280 2576 472 2610 liberandis
497 2587 536 2609 ex
563 2575 695 2608 diaboli
724 2588 852 2617 regno,
892 2583 1042 2617 peccato,

55 2634 168 2660 morte
191 2634 223 2660 et
245 2628 384 2667 inseris,
419 2627 624 2669 sanguinem
647 2638 748 2659 suum
766 2626 941 2670 profudit,
966 2634 997 2659 ct
1014 2627 1040 2660 si

55 2678 198 2723 quidem
219 2678 293 2711 eius
320 2678 482 2722 discipuli
510 2675 629 2711 haberi
661 2677 840 2715 volumus,
876 2677 1041 2712 faciamus

716 103 875 142 DECL.
914 103 989 140 DE
1023 104 1445 146 PHILOSOPHIA.

963 2538 1041 2558 cnm
1067 2536 1070 2581 ι

2025 113 2100 152 278

1109 198 1149 226 ut
1165 192 1290 226 sentiat
1307 191 1459 227 Ecclesia
1471 222 1480 235 ,
1507 202 1645 229 nostrae
1662 208 1801 242 quoque
1816 197 2014 234 dilectionis
2031 202 2097 235 ali—

1109 255 1176 287 qua
1204 244 1327 276 officia.
1388 244 1558 279 Moveant
1576 258 1639 280 nos
1658 259 1730 281 non
1755 254 1888 281 tantum
1907 253 2097 293 praesentis

1109 294 1277 338 temporis
1290 294 1462 338 pericula,
1485 298 1541 328 sed
1562 299 1664 330 etiam
1680 299 1909 342 posteritatis,
1931 302 1987 334 cui
2003 310 2094 337 certe

1108 345 1293 383 debemus,
1317 352 1488 389 quantum
1506 359 1566 389 per
1583 359 1645 380 nos
1662 356 1793 391 potest,
1817 351 2015 396 relinquere
2025 352 2095 387 Ec-

1106 395 1245 428 clesiam
1272 402 1390 429 nostra
1417 398 1603 430 concordia
1634 407 1884 436 conservatam.
1951 401 2092 446 Cogite-

1106 458 1183 478 mus
1199 445 1337 479 nullum
1356 458 1419 480 nos
1435 445 1577 480 Christo
1595 449 1725 491 gratius
1743 451 1917 492 officium,
1952 454 2090 488 nullum

1105 494 1178 528 Deo
1195 496 1417 529 sacratiorem
1443 495 1591 531 hostiam
1621 511 1658 531 ac
1677 501 1939 544 acceptatiorem
1956 504 2088 538 cultum

1104 554 1278 590 praestare
1296 558 1407 590 posse.
1450 548 1705 582 Suavissirnnm
1723 556 1772 582 est
1789 549 1934 586 Davidis
1950 566 2088 589 carmen

1103 599 1146 629 de
1177 598 1363 631 concordia
1397 596 1592 631 Ecclesiae:
1633 597 1724 633 Ecce
1751 613 1854 645 quam
1889 605 2021 637 bonum
2054 614 2087 640 et

1102 660 1206 692 quam
1233 649 1426 682 iucundum
1447 656 1530 690 etc„
1557 650 1593 682 in
1618 663 1688 694 quo
1711 652 1870 685 meminit
1889 653 2087 690 Sacerdotis

1100 703 1222 740 Aron,
1248 707 1287 733 ut
1303 699 1469 742 significet
1490 712 1526 733 se
1550 702 1593 734 de
1609 701 1796 734 concordia
1813 703 2013 737 docentium
2033 707 2086 740 lo-

1101 749 1178 794 qui,
1213 757 1245 784 et
1270 762 1341 783 esse
1366 750 1548 794 proprium
1577 751 1840 793 Sacerdotium,
1875 760 1908 787 et
1930 756 2085 798 gratissi-

1099 812 1197 833 mum
1211 800 1286 835 Deo
1305 801 1455 842 cultum,
1481 803 1716 836 concordibus
1733 803 1859 836 animis
1878 805 2002 839 docere
2019 820 2083 850 pu-

1099 863 1177 884 rum
1213 853 1359 885 verbum
1387 850 1464 887 Dei.
1530 851 1642 886 Addit
1669 854 1711 887 de
1742 853 1899 887 balsamo
1929 862 1962 889 et
1994 869 2084 897 rore,

1099 902 1182 946 quia
1208 909 1240 936 et
1265 901 1419 935 Ecclesia
1444 900 1507 935 hac
1532 905 1717 936 concordia
1735 904 1879 938 mirifice
1897 915 2084 950 recreatur,

1098 959 1132 985 et
1158 953 1194 985 in
1220 953 1423 986 universum
1447 953 1511 986 toti
1535 954 1625 987 vitae
1640 951 1825 988 bominum
1850 954 1941 989 nihil
1957 969 1995 991 ea
2014 960 2084 992 uti-

1098 1003 1187 1044 lius,
1224 1001 1315 1036 nihil
1338 1003 1524 1036 salubrius.
1590 1004 1658 1038 Sed
1684 1005 1805 1038 desino
1838 1004 1921 1040 haec
1945 1007 2084 1051 longius

1097 1054 1278 1100 persequi,
1312 1054 1413 1087 vobis
1436 1066 1518 1087 vero
1545 1056 1605 1099 qui
1630 1056 1670 1088 ad
1694 1057 1893 1089 docendum
1913 1061 2082 1093 accessuri

1097 1105 1195 1146 estis,
1223 1106 1430 1138 commendo
1454 1111 1488 1138 et
1505 1105 1621 1150 ipsum
1646 1106 1899 1148 ministerium,
1926 1115 1965 1141 ut
1985 1109 2021 1142 in
2042 1123 2081 1145 eo

1097 1167 1231 1189 summa
1259 1156 1428 1199 religione
1459 1157 1665 1197 versemini,
1698 1164 1730 1191 et
1759 1159 1801 1190 ad
1826 1158 1913 1191 illud
1930 1159 2082 1195 afferatis

1095 1207 1302 1240 acerrimum
1329 1207 1538 1240 concordiae
1563 1207 1729 1241 studium.
1789 1206 1943 1242 oremus
1967 1217 2081 1245 autem

1096 1256 1228 1297 Deum,
1264 1265 1303 1290 ut
1326 1258 1430 1290 nobis
1450 1258 1582 1290 donum
1604 1257 1807 1301 Evangelii,
1842 1272 1911 1304 quo
1941 1262 2079 1295 nullum

1096 1308 1133 1340 in
1167 1309 1270 1342 terris
1297 1309 1409 1341 maius
1437 1306 1624 1349 habemus,
1663 1322 1725 1353 pro
1754 1321 1814 1343 sua
1844 1310 2081 1346 misericordia

1095 1366 1287 1392 conservet.
1338 1357 1433 1392 Dixi.

1096 1556 1162 1592 No.
1183 1557 1244 1590 38.

1098 1605 1235 1617 Μ

1893 1573 1941 1595 an.
1965 1564 2056 1597 1536.

1867 1607 2077 1628 Μ

1387 1647 1462 1689 De
1490 1649 1793 1703 philosophia.

1165 1729 1244 1764 Apud
1266 1729 1338 1756 Crat.
1360 1728 1430 1763 Myl.
1451 1738 1476 1763 p.
1490 1728 1546 1757 23,
1572 1728 1597 1754 in
1617 1729 1768 1756 Declamat.
1787 1729 1855 1756 T.1.
1873 1740 1899 1765 p.
1914 1730 1991 1765 343.,
2017 1732 2081 1759 Ser-

1195 1768 1259 1791 vest.
1275 1765 1298 1789 Ι.
1319 1774 1345 1799 p.
1361 1764 1420 1789 295.
1440 1769 1465 1789 et
1485 1763 1611 1790 Richard.
1626 1765 1647 1789 1.
1668 1774 1695 1799 p.
1710 1764 1752 1791 ΞΟ.

1094 1845 1153 1878 De
1169 1841 1402 1888 philosophia
1418 1846 1538 1877 oratio
1552 1846 1824 1888 pronunciata,
1850 1855 1931 1879 cum
1953 1845 2082 1881 decer·

1094 1900 1248 1930 veretur
1269 1894 1415 1941 gradus
1439 1896 1652 1941 DIczyisterii
1676 1894 1893 1940 quibusdam
1911 1896 2029 1932 doctis
2046 1903 2083 1932 et

1119 1946 1284 1980 honestis
1300 1945 1501 1981 iuvenibus.
1528 1945 1720 1981 Phil-Illel.
1760 1948 1811 1981 M.
1822 1948 1869 1980 D.
1880 1950 2027 1982 XXXV
2026 1952 2055 1983 1.

1095 2013 1215 2064 Spero
1232 2031 1346 2053 mores
1370 2033 1466 2054 meos
1489 2021 1535 2054 ita
1553 2021 1653 2054 vobis
1677 2022 1842 2055 omnibus
1860 2022 2032 2067 inspectos
2050 2031 2081 2058 et

1095 2078 1199 2104 notos
1222 2082 1311 2112 esse,
1345 2078 1386 2105 ut
1407 2072 1507 2104 sacile
1531 2072 1740 2116 persuadere
1761 2072 1911 2116 possim,
1938 2086 1992 2107 me
2008 2087 2081 2108 non

1095 2122 1335 2166 impudentia,
1369 2130 1428 2156 aut
1453 2123 1579 2155 fiducia
1601 2122 1754 2165 ingenii,
1788 2129 1848 2156 aut
1868 2126 2082 2173 πολυπραγ-

1093 2169 1238 2217 Λιιοσύνῃ
1259 2173 1376 2218 aliqua
1416 2170 1478 2205 has
1510 2171 1599 2205 mihi
1633 2173 1773 2206 dicendi
1807 2181 1920 2217 partes
1953 2175 2079 2210 iterum

1094 2224 1292 2266 sumpsisse,
1344 2223 1432 2257 Nam
1450 2236 1528 2256 curn
1545 2224 1725 2258 mandaret
1741 2236 1796 2257 eas
1815 2223 1900 2257 mihi
1918 2226 1971 2258 vir
1987 2227 2079 2270 opti—

1096 2287 1172 2307 mus
1195 2271 1353 2307 Iacobus
1376 2271 1580 2307 flla'lichius
1605 2273 1765 2308 Decanus
1784 2274 1933 2318 Collegii
1956 2278 2078 2316 nostri,

1095 2325 1152 2370 qui
1182 2332 1324 2369 propter
1347 2325 1518 2367 egregiam
1543 2325 1724 2366 virtutem,
1762 2337 1800 2358 ac
1824 2326 2021 2361 studiorum
2049 2335 2080 2361 et

1094 2377 1328 2420 plurimorum
1348 2376 1544 2409 officiorum
1561 2376 1758 2409 societatem
1770 2400 1778 2414 ,
1812 2373 1900 2409 mibi
1917 2375 2081 2412 charissi-

1095 2438 1172 2460 mus
1186 2433 1255 2467 est,
1286 2427 1453 2459 movebar
1470 2428 1618 2471 quadam
1639 2427 1743 2460 officii
1766 2427 1918 2468 ratione,
1944 2435 1982 2462 ut
2004 2442 2081 2463 mo-

1095 2490 1166 2510 rem
1191 2477 1382 2520 gerendum
1413 2489 1484 2510 esse
1509 2478 1611 2511 amici
1634 2478 1808 2511 voluntati
1837 2478 2080 2512 existimarem.

1095 2528 1214 2573 Neque
1234 2540 1294 2571 ego
1321 2539 1397 2561 sum
1423 2529 1508 2561 adeo
1531 2528 1716 2569 Suffenus,
1743 2535 1802 2562 aut
1826 2529 1974 2563 ridicule
1991 2528 2077 2562 mihi

1096 2580 1230 2623 placeo,
1264 2586 1303 2612 ut
1327 2579 1483 2622 ignorem
1509 2579 1694 2624 plerosque
1718 2580 1804 2613 alios
1821 2579 1857 2612 in
1880 2577 1943 2613 hac
1960 2578 2077 2613 schola

1094 2642 1183 2668 esse,
1212 2637 1243 2663 et
1261 2636 1384 2663 natura
1403 2630 1511 2671 magis
1532 2630 1696 2670 idoneos,
1725 2637 1755 2664 ct
1775 2630 1931 2663 doctrina
1952 2630 2076 2662 melius

1095 2681 1283 2715 instructos
1308 2681 1351 2714 ad
1377 2680 1581 2722 dicendum,
1617 2694 1720 2726 quam
1739 2692 1799 2724 ego
1821 2692 1915 2719 sum,
1951 2680 2079 2725 quibus

1478 2731 1550 2764 18*
