2338 2958
238 128 310 164 267

272 267 389 307 tatis,
424 274 521 298 anno
548 258 832 294 M.D.XXXV.
860 257 921 293 die
938 256 1053 303 April.
1069 258 1195 292 Xllll.

238 334 333 377 Non
350 339 444 373 soleo
465 336 587 371 odiose
603 345 799 380 repugnare
816 332 954 366 amicis:
990 331 1108 377 itaque
1125 331 1232 364 modo

239 393 345 427 etiam
370 388 471 422 facile
497 397 618 431 passus
640 397 718 420 sum
738 382 834 433 ‘nihi
858 382 1080 429 provinciam
1104 379 1171 415 hoc
1196 381 1234 413 in

240 445 318 477 loco
340 438 482 474 dicendi
507 436 688 477 mandari,
722 435 787 470 etsi
815 435 974 480 plerique
998 433 1058 467 alii
1083 433 1234 475 collegae

240 491 353 527 nostri
376 491 420 523 ad
439 489 629 522 dicendum
648 486 801 531 aptiores
819 492 912 519 sunt.
968 484 1038 519 Sed
1062 495 1141 517 cum
1161 482 1234 516 col-

242 543 328 587 legis
343 540 474 575 nostris
489 540 642 573 libenter
665 550 798 571 morem
818 536 924 580 gessi,
952 535 1164 581 quibuscum
1181 533 1235 565 vi-

242 594 331 629 detis
355 604 409 626 me
431 589 718 624 coniunctissime
734 587 869 628 vivere3
903 599 982 620 amo
1007 586 1101 618 enim
1119 596 1178 618 eos
1196 595 1236 616 ex

242 645 380 682 animo,
407 650 441 676 et
458 641 540 687 quia
556 653 610 674 me
628 652 707 673 cum
727 640 775 672 eis
792 637 951 682 Respub.
974 635 1176 675 coniunxit,
1203 641 1236 668 et

244 702 385 741 propter
409 693 582 737 ipsorunb
593 690 764 733 egregiam
788 689 1006 728 doctrinam,
1032 693 1064 720 et
1083 686 1119 718 in
1138 685 1235 718 omni

243 746 350 782 officii
374 756 500 788 genere
524 741 743 785 diligentiam
769 747 803 774 et
832 739 1017 772 virtutem:
1053 744 1127 771 tum
1155 748 1236 769 vero

243 795 512 842 gratificandum
536 792 620 826 duxi
645 789 699 824 his
723 789 935 825 doctissimis
958 788 1061 829 viris,
1096 793 1129 820 et
1155 784 1238 820 huic

243 847 396 892 hospiti,
424 845 486 890 qui
503 855 581 877 cum
597 842 768 885 singulari
783 841 852 875 fide
867 847 900 874 et
915 839 1103 874 foelicitate
1120 838 1238 871 literas

245 901 386 938 doceat,
406 908 479 929 non
496 896 614 929 deesse
626 894 657 926 ei
674 893 789 927 studia
804 899 909 936 atque
922 890 1034 925 officia
1051 888 1163 922 nostri
1180 900 1237 922 or-

245 949 340 983 dinis
356 948 497 982 dehent.
549 944 639 978 Nam
657 944 685 977 si
703 950 794 977 recte
812 943 992 982 aestimes,
1025 939 1239 984 amplissime

246 1002 288 1034 de
304 1007 376 1034 tota
388 997 528 1040 Repub.
545 1001 726 1028 merentur
743 994 818 1034 isti,
843 994 903 1038 qni
923 993 1072 1037 primam
1091 997 1238 1024 aetatem

245 1057 337 1085 recte
359 1049 548 1087 erudiunt,
581 1053 616 1080 et
639 1046 683 1079 ad
714 1045 880 1078 maximas
904 1050 995 1077 artes
1020 1047 1240 1086 praeparant.

245 1101 313 1136 His
332 1100 438 1144 igitur
459 1097 642 1132 ostendere
659 1096 774 1134 volui,
807 1107 861 1128 me
885 1103 918 1129 et
937 1092 1066 1127 honori
1084 1092 1239 1136 ipsorum

246 1154 385 1192 favere,
412 1156 446 1184 et
462 1147 547 1182 haec
563 1145 764 1181 scholarum
784 1146 1006 1185 testimonia,
1033 1156 1093 1178 seu
1112 1144 1240 1187 gradus

246 1202 490 1247 magnifacere.
547 1197 692 1232 Etenim
724 1209 802 1231 cum
836 1197 1028 1241 plurimum
1061 1194 1242 1237 dignitatis

247 1254 293 1288 sit
319 1253 355 1286 in
380 1250 435 1286 his
456 1249 600 1295 optimis
624 1256 728 1294 atque
752 1247 949 1281 utilissimis
965 1246 1118 1285 artibus,
1155 1257 1242 1290 qua-

248 1317 327 1339 rum
352 1302 555 1348 propagatio
584 1310 617 1334 et
644 1299 801 1333 defensio
828 1298 976 1341 collegio
1002 1304 1122 1331 nostro
1146 1308 1242 1330 com-

249 1356 353 1388 missa
376 1360 444 1387 est:
479 1351 631 1384 multum
655 1350 759 1384 etiam
783 1349 966 1392 dignitatis
988 1349 1026 1380 in
1047 1346 1114 1380 hoc
1131 1347 1241 1390 gradu

249 1417 322 1440 esse
340 1403 570 1439 iudicandum
588 1407 656 1442 est,
678 1412 756 1434 cum
776 1400 812 1432 in
830 1398 896 1433 hoc
912 1399 987 1443 ipso
999 1400 1109 1442 gradu
1119 1398 1244 1431 foedus

250 1469 329 1491 cum
340 1455 480 1498 Repub.
491 1454 551 1486 fiat
561 1479 570 1493 ,
589 1452 624 1485 in
637 1464 706 1497 quo
718 1448 755 1484 hi
770 1451 899 1495 quibus
911 1448 1132 1488 decernitur,
1152 1448 1241 1480 obli-

250 1515 333 1552 gant
343 1519 378 1540 se
388 1504 595 1549 Reipub.ad
610 1502 786 1536 docendas
803 1500 952 1544 optimas
969 1506 1059 1532 artes
1078 1505 1110 1531 et
1127 1497 1243 1531 utilis-

250 1559 356 1593 simas
369 1555 525 1590 humano
543 1553 674 1597 generi.
712 1551 788 1585 Hoc
804 1551 943 1584 foedere
958 1550 1040 1595 quid
1058 1555 1168 1593 potest
1185 1561 1243 1581 co-

250 1609 354 1653 gitari
370 1605 551 1640 honestius
567 1611 628 1638 aut
643 1603 812 1642 sanctius,
838 1602 946 1634 modo
966 1608 1003 1634 ut
1019 1598 1054 1633 hi
1072 1600 1132 1645 qui
1151 1600 1243 1633 aucti

251 1667 333 1695 sunt
351 1656 417 1692 hoc
436 1655 589 1695 honore,
617 1653 898 1697 magnitudinem
916 1651 1072 1685 muneris
1094 1651 1147 1684 sni
1167 1650 1242 1683 ani-

252 1724 310 1745 mo
327 1709 534 1747 metiantur,
561 1714 591 1739 et
616 1718 678 1749 pro
699 1704 793 1737 virili
813 1703 902 1737 tueri
919 1702 1107 1736 studeant?
1142 1700 1244 1735 Certe

253 1760 442 1796 consilium
455 1757 606 1792 faciendi
623 1754 727 1789 liuius
739 1754 947 1787 sanctissimi
962 1753 1112 1786 foederis
1132 1752 1166 1784 in
1179 1750 1244 1785 lioc

253 1813 385 1856 gradu,
421 1816 470 1843 est
495 1806 781 1841 honestissinnnu
807 1813 911 1850 atque
940 1803 1245 1851 humanissimum.

252 1864 373 1906 Quare
391 1860 488 1904 digni
506 1859 588 1892 odio
606 1865 687 1892 snut
705 1856 830 1902 Cynici
857 1856 927 1896 illi,
959 1855 1018 1900 qui
1038 1862 1077 1888 ut
1094 1860 1246 1887 caeteros

252 1911 418 1947 honestos
439 1922 571 1950 mores,
601 1909 647 1942 ita
668 1916 699 1942 et
723 1909 852 1951 gradus
871 1906 1077 1949 gravissimo
1096 1905 1244 1937 consilio

255 1965 451 2003 institutos,
487 1961 618 2007 quique
639 1959 798 2002 obligant
827 1955 988 1990 homines
1007 1958 1047 1989 ad
1070 1956 1246 1989 defensio—

254 2028 332 2049 nem
353 2015 527 2048 bonarum
552 2010 840 2054 disciplinarum,
876 2014 1119 2051 aspernantur.

356 2089 512 2133 Exposui
530 2086 717 2121 consilium
734 2097 848 2118 meum
861 2109 869 2119 ,
895 2096 1002 2128 quare
1020 2083 1053 2116 in
1073 2080 1162 2115 lianc
1175 2093 1248 2114 sce-

255 2155 335 2175 nam
356 2140 502 2185 produci
522 2151 574 2171 me
594 2148 713 2182 passus
730 2137 808 2171 sim.
862 2135 956 2169 Solet
982 2142 1097 2167 autem
1119 2131 1174 2166 hic
1193 2132 1244 2164 vel

254 2195 296 2226 de.
322 2193 450 2226 artium
477 2190 664 2233 dignitate,
700 2187 752 2219 vel
781 2188 823 2219 de
851 2186 977 2220 studiis
1000 2185 1139 2218 virtutis
1163 2183 1246 2216 dici.

256 2245 322 2278 Hic
341 2254 415 2275 mos
430 2253 508 2274 euin
529 2241 629 2273 valde.
653 2236 739 2271 mihi
761 2238 948 2282 probetur.
977 2236 1107 2280 sumpsi
1126 2243 1158 2269 et
1178 2235 1248 2279 ipse

256 2300 502 2335 argumentum
522 2304 560 2323 ex
585 2291 705 2323 eodem
726 2301 862 2331 ¹genere.
917 2286 959 2321 Et
979 2287 1147 2333 quoniam
1165 2298 1247 2319 ron-

256 2353 318 2379 stat
340 2343 503 2377 honestas
519 2341 742 2385 disciplinas,
769 2340 860 2381 leges
884 2346 913 2371 et
933 2339 1140 2381 religiones,
1171 2337 1246 2369 vin-

255 2397 331 2430 cula
351 2408 420 2428 esse
440 2392 613 2427 humanae
629 2391 821 2426 societatis,
845 2390 944 2423 facile
962 2389 1107 2422 iudicari
1129 2395 1249 2432 potest„

256 2447 404 2480 maxime
432 2443 659 2477 neeessariam
685 2454 757 2474 esse
785 2443 826 2474 ad
855 2441 979 2478 uitam,
1006 2440 1167 2472 omnium
1186 2439 1246 2471 lio*

258 2510 380 2531 narum
416 2495 544 2528 artium
579 2493 786 2527 doctrinam.

790 117 951 155 DECL.
993 115 1069 154 DE
1103 114 1313 154 AMORE
1356 114 1697 155 VERITATIS.

239 215 368 250 Oratio
397 211 514 248 Phil.
542 206 751 245 Melanth
764 208 867 241 onis
902 205 950 241 de
977 216 1104 240 amore
1130 207 1232 240 veri·
1255 210 1259 213 ·

850 2490 969 2536 ltaque
994 2492 1036 2523 de
1063 2489 1125 2523 liae
1153 2497 1248 2534 parte
1274 2515 1275 2521 ,

2199 118 2274 156 268

1284 204 1411 240 studiis
1447 209 1653 245 versantur,
1694 203 1858 239 videlicet
1891 206 1934 239 de
1961 216 2079 239 amore
2109 203 2279 247 veritatis,

1285 268 1346 290 seu
1363 256 1407 289 de
1421 254 1505 288 odio
1521 251 1739 298 sophistices,
1790 252 1934 289 Etenim
1951 256 2050 290 nulla
2068 267 2134 289 vox
2150 252 2279 289 huma-

1285 320 1331 340 na
1355 305 1438 340 satis
1465 305 1584 350 eloqui
1609 312 1740 350 potest,
1776 313 1947 351 quantum
1965 307 2108 346 reserat,
2135 304 2280 340 haerere

1286 359 1324 392 in
1352 357 1480 390 animis
1502 356 1649 390 infixum
1675 356 1720 389 ab
1750 356 1896 390 ineunte
1929 363 2039 391 aetate
2068 357 2279 391 acerrimum

1287 405 1496 453 sophistices
1521 407 1655 442 odium.
1714 406 1766 441 De
1789 405 1859 441 hoc
1882 419 2032 453 quaeso,
2065 414 2107 442 ut
2121 419 2178 441 me
2195 408 2280 442 dili-

1289 467 1410 504 genter
1431 458 1582 492 audiatis
1604 458 1864 500 adolescentes,
1897 471 2002 504 quem
2032 457 2102 491 iam
2129 465 2223 493 aetas
2244 465 2281 493 et

1287 522 1414 554 magna
1431 521 1550 543 rerum
1565 509 1717 543 varietas
1734 509 1950 543 erudierunt.
2005 506 2105 543 Nihil
2124 521 2213 554 opus
2229 515 2282 544 est

1290 562 1357 595 iam
1384 561 1518 601 dicere,
1553 567 1724 605 quantum
1755 559 1907 604 Reipub.
1935 572 2016 594 cura
2041 566 2144 604 angat
2178 566 2283 606 atque

1292 618 1447 646 exerceat
1458 611 1614 644 animum
1633 623 1764 646 meum.
1817 610 1910 644 lllud
1930 617 2065 645 tantum
2084 611 2219 653 dicam,
2243 614 2284 645 ut

1291 675 1345 697 me
1363 662 1487 695 maiori
1503 662 1619 695 studio
1635 662 1803 696 audiatis:
1831 673 1912 695 vere
1928 659 1997 696 hoc
2013 662 2185 695 affirmare
2200 673 2284 707 pos-

1290 725 1387 754 sum,
1420 725 1477 746 me
1504 719 1649 757 paterno
1674 713 1801 747 affectu
1830 720 1934 759 atque
1955 724 2075 746 amore
2098 712 2285 758 complecti

1291 775 1414 798 omnes
1438 763 1632 805 studiosos,
1664 776 1703 798 ac
1731 762 1957 797 vehementer
1979 762 2104 796 vestris
2119 763 2284 808 periculis

1291 815 1395 849 affici.
1448 813 1570 859 Itaque
1587 816 1681 859 quod
1695 815 1780 848 alias
1796 827 1897 859 saepe
1914 814 2056 855 monui,
2083 814 2175 848 idem
2189 825 2285 848 nunc

1292 877 1453 911 qnoque,
1482 865 1651 910 quoniam
1672 866 1709 898 in
1734 863 1800 899 hoc
1817 877 1979 899 consessu
1998 865 2286 899 doctissimorum

1292 915 1499 956 hominnm,
1539 915 1652 949 oratio
1685 916 1763 960 plus
1785 915 1915 950 habere
1943 917 2044 950 debet
2076 915 2286 956 autoritatis„
2330 946 2332 949 ,

1293 967 1518 1001 obtestandos
1536 978 1596 999 vos
1614 978 1686 1000 esse
1703 968 1798 1002 duxi.

1397 1017 1447 1051 Ac
1462 1017 1566 1061 longe
1584 1018 1681 1051 aliud
1698 1017 1908 1063 praecipiam
1929 1017 2028 1050 vobis
2041 1045 2050 1058 ‚
2074 1014 2287 1063 quam‘apud

1293 1066 1505 1114 Sophoclem
1536 1067 1677 1114 Ulysses
1701 1069 1870 1114 praecipit
1894 1065 2046 1102 Achillis
2070 1068 2142 1102 filio
2167 1067 2289 1109 adole-

1294 1119 1405 1153 scenti
1422 1118 1675 1163 Neoptolen10‚
1703 1132 1781 1153 cum
1799 1121 1898 1153 docet
1917 1131 1996 1152 eum
2015 1119 2207 1153 mendaciis
2219 1119 2289 1152 cir-

1294 1170 1516 1207 cumvenire,
1551 1176 1584 1203 et
1607 1170 1727 1203 fallere
1754 1171 1924 1210 amicum,
1960 1177 1992 1203 et
2009 1170 2150 1215 quidem
2168 1169 2290 1203 multis

1295 1221 1512 1265 argumentis
1530 1221 1702 1261 declarat,
1729 1219 1797 1254 hoc
1816 1221 2000 1254 artificium
2019 1220 2288 1254 usitatissimum

1296 1285 1367 1306 esse
1390 1273 1426 1304 in
1452 1272 1542 1305 vitae
1565 1272 1728 1315 negociis.
1780 1271 1940 1317 Cumque
1957 1272 2159 1305 adolescens
2179 1271 2289 1305 mira-

1296 1331 1373 1363 tur,
1409 1335 1477 1367 qua
1502 1322 1636 1361 fronte,
1665 1335 1734 1367 quo
1754 1335 1814 1356 ore
1835 1323 1977 1356 mentiri
2001 1323 2175 1368 quispiam
2198 1322 2290 1356 ausit

1297 1374 1429 1413 sciens,
1457 1374 1644 1416 respondet
1663 1373 1817 1417 Ulysses,
1845 1373 1976 1405 nefarie
1995 1373 2022 1405 is
2040 1373 2202 1417 quidem,
2229 1373 2289 1406 sed

1296 1424 1495 1467 significans
1511 1423 1631 1467 quales
1648 1424 1715 1456 sint
1735 1420 1920 1456 hominum
1940 1434 2070 1456 mores:

1377 1476 1552 1517 [bicunque
1569 1488 1634 1516 spes
1652 1479 1726 1506 lucri
1747 1484 1787 1506 est
1801 1501 1808 1514 ,
1837 1478 1949 1517 pudere
1966 1488 2027 1506 non
2043 1477 2137 1508 decet.

1298 1523 1415 1569 Atque
1443 1524 1576 1558 utinam
1612 1522 1695 1558 haec
1719 1524 1862 1570 Ulyssea
1892 1522 2122 1569 Philosophia
2153 1530 2291 1558 tantum

1298 1576 1333 1607 in
1361 1575 1506 1619 privatis
1532 1581 1563 1607 et
1587 1575 1723 1608 letibus
1753 1576 1907 1619 negociis
1932 1583 2158 1609 exerceretur.
2220 1574 2291 1610 Sed

1298 1625 1498 1670 experimur
1521 1637 1595 1658 eam
1623 1626 1814 1669 pervasisse
1848 1627 1883 1659 iu
1907 1627 2130 1668 gravissimas
2152 1624 2292 1670 Regum

1298 1676 1591 1715 deliberationes,
1626 1677 1661 1709 in
1683 1674 1838 1717 scholas,
1871 1689 2095 1722 corrumpere
2120 1684 2229 1717 artes,
2259 1683 2293 1711 et

1299 1729 1392 1772 quod
1417 1734 1464 1760 est
1489 1727 1671 1771 praecipue
1698 1728 1976 1772 deplorandum,
2003 1740 2149 1772 regnare
2168 1728 2203 1760 in
2223 1726 2293 1762 Ec-

1299 1779 1430 1818 etesiis,
1458 1785 1490 1811 et
1505 1778 1655 1811 obruere
1674 1779 1891 1822 religionem.
1948 1779 2067 1822 Quare
2090 1779 2116 1812 si
2142 1779 2292 1812 solidam

1300 1829 1498 1862 doctrinam
1524 1836 1556 1862 et
1579 1830 1699 1862 utilem
1725 1830 1842 1873 generi
1868 1827 2023 1863 humano
2046 1829 2228 1874 experitis,
2261 1836 2294 1863 et

1301 1877 1365 1912 hoc
1384 1887 1536 1912 vestrum
1554 1880 1768 1913 curriculum
1786 1879 1861 1914 Deo
1881 1876 2037 1924 placere,
2074 1888 2104 1914 et
2130 1881 2294 1924 prodesse

1301 1931 1378 1963 aliis
1405 1931 1530 1968 vultis,
1565 1929 1808 1965 vehementiss.
1833 1932 1955 1965 odium
1984 1929 2199 1976 Sophistices
2216 1931 2295 1964 ani-

1302 1995 1357 2014 mo
1383 1981 1653 2025 com-ipiendum
1680 1989 1740 2017 est.
1804 1981 1920 2027 Atque
1944 1980 2007 2015 liac
2032 1983 2068 2015 in
2085 1994 2121 2015 re
2141 1982 2293 2026 primum

1301 2032 1385 2077 quid
1412 2044 1530 2063 vorem
1555 2029 1797 2075 Sopluisticen,
1824 2033 1952 2066 deinde
1974 2045 2079 2078 quam
2097 2032 2295 2077 perniciosa

1302 2084 1360 2121 sit,
1397 2084 1694 2116 emisideraudum
1723 2084 1799 2119 erit.
1853 2083 1932 2117 Non
1956 2084 2051 2117 euim
2069 2083 2208 2128 appello
2225 2083 2294 2118 So-

1302 2131 1492 2178 pliisticeu,
1532 2141 1668 2167 tantuin
1706 2134 1872 2167 ridiculas
1914 2134 1992 2167 illas
2032 2134 2294 2171 cavillationes.

1301 2197 1388 2230 quae
1423 2184 1539 2228 pueris
1574 2186 1762 2218 traduntur
1790 2185 1825 2217 in
1858 2183 2078 2225 Dialectiris,
2123 2185 2295 2219 teratinas

1301 2242 1331 2268 et
1351 2235 1604 2274 crocodiliuas,
1633 2243 1663 2269 et
1681 2235 1822 2269 similes.
1879 2234 1941 2268 llla
1961 2236 2060 2269 vobis
2073 2237 2227 2269 cavenda
2244 2242 2295 2270 est

1301 2283 1520 2329 Sopliistica,
1548 2299 1635 2331 quae
1653 2286 1834 2319 mirificant
1847 2287 2036 2328 supientiae
2047 2286 2194 2329 speciem
2212 2297 2295 2332 prae

1302 2350 1335 2370 se
1358 2338 1442 2376 sert,
1471 2345 1502 2370 et
1525 2337 1559 2369 iu
1578 2337 1694 2376 curia,
1725 2337 1759 2369 iu
1777 2338 1972 2377 subselliis,
2000 2338 2036 2371 in
2056 2335 2212 2371 Ecclesia
2231 2339 2295 2371 do-

1302 2389 1468 2421 min-itur.
1525 2387 1592 2422 t‘bi
1611 2388 1698 2421 :ulios
1716 2389 1807 2432 piget
1825 2389 2002 2435 inquirere
2014 2388 2212 2429 veritatem,
2234 2388 2294 2421 alii

1301 2440 1474 2482 explicare
1492 2440 1675 2472 commode
1696 2451 1766 2472 nou
1788 2447 1938 2475 norunt.
1967 2439 2025 2472 alii
2053 2452 2114 2484 per
2129 2438 2294 2473 ambitio-

1302 2503 1380 2522 nem
1409 2491 1451 2523 de
1471 2490 1642 2523 industria
1668 2491 1814 2524 nebulas
1833 2492 2035 2524 (illundunt.
2088 2488 2131 2524 Et
2153 2490 2293 2524 interim

258 2562 327 2582 nnn
351 2547 538 2590 disput-dm
560 2545 745 2588 prolixius.
778 2556 855 2575 nain
884 2543 915 2574 id
943 2542 1086 2586 quidem
1107 2553 1248 2585 persua·
1273 2551 1276 2601 ἶ
1302 2553 1426 2583 magna
1453 2543 1641 2574 autoritate
1669 2541 1827 2576 inserunt
1845 2541 1972 2575 animis
1989 2540 2089 2574 falsas
2106 2549 2137 2575 et
2156 2542 2295 2576 nocitu-

256 2599 431 2634 sissinium
467 2608 537 2628 esse
572 2595 737 2627 ‹unniluis
767 2594 888 2635 debet,
926 2601 955 2625 et
984 2600 1128 2626 mouent
1157 2592 1248 2624 idem
1274 2630 1275 2633 Ἴ

1001 2642 1123 2678 Dicam
1143 2643 1249 2686 igitur
1274 2650 1275 2653 ’

256 2649 415 2696 quotidie
437 2649 620 2681 «lucturum
642 2657 741 2677 voces
758 2652 789 2678 et
809 2645 937 2678 literae.

257 2704 298 2735 de
324 2713 392 2734 uua
419 2700 570 2744 quadam
598 2697 725 2729 xii-tute
753 2695 1006 2740 pernecessaria
1040 2692 1094 2728 his
1126 2694 1184 2740 qui
1211 2693 1246 2727 in

1302 2604 1355 2625 ras
1373 2592 1568 2636 opiniones.

1406 2642 1534 2676 Medici
1572 2649 1717 2676 narrant
1753 2640 2089 2676 melancholieorum
2129 2643 2294 2687 exempla,

1301 2706 1451 2739 quorum
1477 2694 1564 2727 alius
1591 2705 1708 2727 errore
1724 2694 1850 2727 mentis
1873 2694 2008 2738 putavit
2025 2706 2058 2727 se
2077 2695 2206 2728 sactum
2221 2704 2294 2727 esse
