2338 2958
190 145 265 182 707

193 242 272 263 mus
286 236 319 264 et
335 229 422 274 ipsi,
449 234 487 262 ut
505 225 599 259 Deus
623 222 708 258 haec
732 225 802 258 duo
827 225 919 258 bona
941 231 1108 268 praestat,
1143 235 1183 257 ac

193 288 333 316 tueatur
357 279 535 312 veritatem
564 283 598 310 et
621 276 857 309 concordiam.
918 274 966 309 Ut
989 282 1104 308 autem
1129 286 1183 308 se-

195 332 248 366 rio
268 338 439 375 petamus,
462 328 610 370 flagrent
628 334 766 370 pectora
783 333 902 360 nostra
920 338 1039 359 amore
1057 323 1182 359 harum

195 383 407 427 optimarum
449 390 580 411 rerum:

197 433 390 470 veritatem,
411 429 453 462 ad
472 435 629 472 posteros
644 428 885 471 incorruptam
904 438 1094 472 propagare
1111 434 1185 461 stu-

197 485 352 516 deamus.
404 478 543 513 Deinde
569 491 686 523 pacem
710 486 744 512 et
769 478 1062 523 tranquillitatem
1089 489 1186 511 com-

197 544 338 566 munem
356 529 532 563 Ecclesiae
549 530 715 563 omnibus
732 529 856 562 officiis
873 530 1020 562 alamus.
1101 529 1108 535 '

198 588 386 626 conspectu
409 581 502 614 filius
529 580 593 614 Dei

198 683 304 718 simul
322 683 443 722 nobis,
470 683 599 715 sudans
618 682 687 714 iam
704 681 910 724 sanguinem
928 679 1118 724 praecipit,
1149 685 1189 712 ut

199 735 292 768 inter
308 745 372 766 nos
390 733 589 775 diligamus.
640 731 721 764 Non
741 732 777 763 in
795 743 850 764 me
875 738 1034 771 tantum,
1067 736 1126 763 aut
1151 729 1189 762 in

196 784 390 819 Ecclesiam
406 784 539 816 ferrum
554 782 707 825 stringis,
724 781 883 826 quisquis
897 781 1059 814 inutilem
1077 780 1189 813 rixam

198 847 328 869 moves.
382 834 450 867 Sed
471 833 581 866 multo
601 833 712 875 magis
739 832 776 864 in
803 832 905 865 illum
930 832 1044 875 ipsum
1063 830 1191 865 Domi-

199 899 285 920 num
301 892 460 919 nostrum
480 883 593 916 lesum
610 880 813 923 Christum,
837 882 898 927 qui
914 883 965 916 ibi
984 894 1046 925 pro
1065 888 1097 915 te
1120 881 1188 914 iam

198 937 367 970 sacrificat
399 946 547 978 agonem
570 945 671 967 suum
699 933 911 976 ingrediens.
979 933 1017 967 Si
1041 945 1114 965 non
1138 932 1192 964 vis

199 986 378 1022 Ecclesiae
408 997 549 1029 parcere
574 991 608 1018 et
631 984 848 1028 posteritati,
892 996 993 1028 parce
1015 981 1099 1017 huic
1124 982 1190 1026 ipsi

198 1036 340 1072 Christo
376 1047 543 1080 oppresso
578 1042 663 1069 tunc
696 1032 862 1068 horribili
897 1035 1041 1074 dolore,
1085 1045 1189 1079 quem

198 1095 341 1133 propter
368 1098 463 1126 mea,
509 1093 589 1125 tua,
630 1092 663 1120 et
690 1085 850 1118 omnium
877 1086 1004 1118 scelera
1030 1085 1190 1119 sustinet.

198 1139 273 1174 Cur
289 1151 368 1172 eum
391 1137 428 1169 in
447 1137 510 1170 illo
534 1137 610 1181 ipso
631 1135 801 1169 sacrificio
826 1147 890 1180 pro
911 1136 1024 1169 salute
1047 1142 1125 1176 tua,
1158 1141 1190 1168 et

199 1190 379 1228 omnium,
405 1199 522 1221 coram
532 1188 610 1220 Deo
626 1193 839 1230 prostratum
858 1187 1017 1229 iugulare
1030 1185 1192 1218 conaris?

287 1240 325 1273 Si
342 1237 408 1271 hoc
425 1238 531 1270 modo
551 1237 826 1270 inssammatores
842 1236 1071 1270 dissidiorum
1089 1247 1191 1280 saepe

200 1292 393 1334 cogitarent
410 1288 550 1322 sceleris
566 1287 804 1326 atrocitatem,
832 1287 937 1321 multi
958 1294 1051 1322 certe
1075 1299 1110 1321 se
1133 1297 1191 1319 re-

199 1342 406 1387 primerent.

302 1389 474 1425 Obtestor
490 1395 607 1423 autem
626 1399 689 1421 vos
703 1393 847 1431 propter
866 1387 996 1421 illum
986 1399 1101 1432 ipsum
1115 1385 1190 1420 Do—

199 1443 338 1476 minum
364 1447 526 1474 nostrum
544 1439 659 1473 Iesum
676 1436 859 1472 Christum
881 1439 993 1472 filium
1012 1438 1097 1479 Dei,
1125 1449 1189 1482 pro

201 1494 304 1527 nobis
321 1492 523 1526 crucifixum
539 1497 571 1523 et
587 1489 849 1529 resuscitatum,
880 1496 919 1523 ut
942 1487 1026 1523 huic
1049 1493 1216 1523 nostrae

200 1542 456 1581 admonitioni,
482 1542 520 1574 in
536 1553 603 1587 qua
621 1540 721 1573 vobis
735 1541 963 1581 mandatum,
994 1553 1067 1573 non
1092 1551 1112 1573 a
1133 1552 1190 1573 me

201 1595 449 1638 excogitatum:
477 1593 537 1625 sed
555 1591 739 1629 divinum,
764 1597 805 1624 ut
827 1591 898 1624 mei
920 1591 1080 1625 muneris
1098 1589 1190 1623 ratio

202 1646 379 1703 postulat,
420 1654 604 1688 propono,
642 1641 904 1684 obtemperetis.
973 1640 1191 1674 Meministis

203 1696 371 1752 scriptum
389 1706 476 1727 esse:
504 1692 600 1726 Deus
617 1691 759 1725 dilectio
779 1697 840 1729 est,
861 1690 958 1734 Qui'
950 1704 986 1724 in
1003 1691 1192 1724 dilectione

203 1753 333 1787 manet,
360 1746 396 1778 in
413 1743 489 1777 Deo
507 1749 636 1776 manet.
668 1742 790 1786 Itaque
807 1741 887 1774 illae
906 1749 1018 1798 pestes
1032 1755 1070 1775 ac
1082 1739 1192 1774 E1in-

203 1809 307 1843 nyes,
359 1807 448 1841 quae
475 1794 550 1827 sine
576 1793 667 1826 iusta
692 1798 726 1825 et
748 1793 940 1825 necessaria
967 1804 1067 1826 causa
1100 1793 1192 1825 rixas

201 1854 365 1888 movent,
392 1853 424 1879 et
441 1844 666 1879 concordiam
691 1842 857 1883 turbant,
891 1843 1045 1877 abiectae
1069 1849 1151 1876 sunt
1173 1854 1191 1876 a

201 1898 278 1933 Deo
305 1905 337 1932 et
352 1909 371 1931 a
387 1897 510 1937 nobis,
535 1895 597 1929 ubi
614 1905 669 1927 res
687 1893 845 1936 cognitae
861 1900 978 1936 erant,
1015 1893 1085 1927 nisi
1105 1893 1193 1927 resi-

203 1951 358 1995 piscant,
383 1960 423 1981 ex
440 1945 595 1981 Ecclesia
614 1944 682 1979 Dei
699 1944 898 1980 eiicientur.

304 1999 406 2034 Nunc
431 1999 474 2032 ad
501 1994 874 2031 commonefactionem
899 1994 992 2027 addo
1016 2000 1048 2027 et
1068 2005 1194 2028 conso-

205 2052 384 2085 tutonem.

204 2102 430 2139 confusione,
463 2099 590 2132 multas
610 2097 769 2142 publicas
787 2104 820 2130 et
840 2096 992 2139 privat-ns
1013 2096 1064 2129 cal
1070 2096 1194 2129 nnita-
1217 2107 1220 2125 ι

205 2161 254 2186 tes
271 2153 408 2186 timere.
461 2149 529 2183 Sed
553 2147 617 2182 hac
643 2159 703 2181 vos
725 2147 857 2180 consol.
853 2146 969 2180 utone
993 2154 1195 2187 sustentate,

205 2217 309 2249 quam
330 2201 512 2247 proposuit
531 2199 626 2234 Deus
647 2199 683 2231 in
707 2198 818 2242 capite
834 2196 893 2232 51.
909 2196 1050 2231 Esaiae:
1086 2197 1192 2231 Posui

207 2255 310 2287 verba
329 2266 403 2286 mea
423 2253 457 2285 in
476 2263 536 2284 ore
555 2258 633 2290 tuo,
667 2256 699 2283 ct
717 2249 840 2282 umbra
860 2261 984 2281 manus
1002 2260 1098 2281 meae
1113 2261 1196 2293 pro-

205 2311 316 2346 tegam
339 2312 391 2344 te,
426 2311 463 2337 ut
489 2303 624 2347 plantes
650 2300 774 2333 coelos
831 2299 1023 2332 I‘ollicrtnr
1038 2298 1132 2333 Deus
1160 2311 1195 2332 se

206 2357 328 2388 umbra
358 2366 482 2387 manus
515 2364 597 2386 snae
633 2357 871 2394 protecturum
907 2362 979 2383 esse
1015 2350 1196 2383 ministros

205 2405 408 2447 Evangelii,
436 2404 515 2449 qnia
539 2403 610 2447 ipse
629 2400 694 2435 hoc
714 2401 948 2435 ministerium
969 2401 1136 2441 institnit,
1163 2408 1194 2434 et

206 2457 351 2489 verbnm
369 2467 470 2488 suum
494 2455 596 2487 nobis
611 2452 880 2487 commendavit.
1218 2455 1222 2510 3

310 2506 455 2540 Etiamsi
483 2505 744 2538 contemnimur
769 2516 786 2536 a
814 2502 973 2547 superbis
1000 2501 1195 2546 Epicureis.
1218 2513 1222 2552 ᾗ

207 2566 265 2592 ant
287 2557 498 2591 incurrimus
521 2556 599 2588 «ulia
629 2561 835 2598 potentum
866 2562 924 2588 aut
951 2554 1196 2587 conflictamur

207 2609 344 2653 inopia,
384 2615 415 2640 et
443 2606 519 2639 aliis
542 2605 828 2644 difficultatibus,
868 2612 985 2637 tamen
1009 2617 1081 2637 non
1109 2597 1222 2654 (leli-3

206 2661 338 2693 ciamus
355 2672 373 2693 a
392 2657 484 2696 Deo
520 2669 580 2689 nec
598 2657 803 2689 abiiciamus
820 2656 1057 2689 ministerium
1074 2653 1103 2687 Ε
1108 2668 1120 2686 ι
1131 2667 1193 2687 .ιιι-
1217 2664 1221 2688 ι’

208 2712 299 2755 getii.
363 2711 431 2745 Sed
460 2709 522 2741 hac
548 2707 787 2739 consolation«-
815 2707 939 2745 eneti,
976 2714 1133 2750 putamus
1161 2704 1221 2741 etl

762 135 921 175 DECL.
955 135 1030 173 DE
1062 135 1291 174 LINGUA
1325 134 1644 174 HEBRAICA.

628 378 907 411 commendatam
935 376 1016 410 fidei
1045 383 1185 409 nostrae
1209 387 1213 399 ¹

1072 527 1125 563 Sit
1148 528 1187 560 in
1209 403 1215 546 i

449 581 456 587 '
585 581 615 621 '‚
661 578 745 613 haec
769 587 889 623 petens
915 592 932 612 a
958 578 1034 612 Deo
1058 579 1096 611 in
1123 579 1186 611 illo

199 640 353 667 extremo
372 643 501 675 agone,
529 638 562 665 et
581 631 739 664 sacrificii
756 631 809 663 sni
828 630 1027 668 oblatione,
1060 629 1099 661 in
1119 640 1187 674 qua

2148 142 2224 177 708

1237 230 1457 269 expectemus
1479 223 1650 257 auxilium
1675 235 1694 257 a
1713 224 1810 258 Deo:
1838 227 1988 261 sciamus
2010 238 2074 260 nos
2100 227 2227 261 umbra

1239 276 1380 308 dextrae
1400 274 1541 308 divinae
1558 275 1711 318 protegi,
1739 282 1777 309 ut
1799 276 1998 320 plantemus
2020 278 2156 318 coelos,
2191 278 2228 310 id

1238 332 1306 366 est,
1332 333 1371 359 ut
1391 322 1533 359 hortum
1553 325 1841 360 amoenissimum
1857 325 2035 362 Ecclesiae
2055 336 2229 366 aeternae,

1238 377 1314 421 ipso
1332 376 1496 417 iuvante,
1523 387 1749 409 conseramus
1767 383 1800 411 et
1818 389 1996 414 ornemus.

1339 425 1531 472 Postquam
1573 427 1759 461 audivistis
1796 429 2167 463 commonefactiouem
2196 435 2232 462 et.

1239 477 1516 511 consolationem
1544 477 1760 522 propositam
1788 479 1922 522 optimo
1958 481 2095 521 studio,
2133 491 2230 512 nune

1240 539 1388 572 quaeso,
1415 535 1455 562 ut
1472 540 1630 574 mecum,
1657 528 1779 569 immo,
1805 536 1841 563 ut
1861 541 1940 563 cum
1957 541 2095 563 summo
2106 530 2231 564 Sacer-

1241 580 1323 612 dote
1338 579 1411 611 filio
1432 579 1513 619 Dei,
1539 590 1604 612 nos
1622 590 1745 612 omnes
1763 592 1834 613 uno
1851 587 1989 623 pectore
2005 581 2178 614 dicamus:

1344 628 1796 673 T1b10mmpotensDeus
1823 629 2231 666 aeternePaterDomini

1241 680 1355 713 nostri
1381 679 1456 713 lesu
1480 678 1634 722 Christi,
1670 688 1806 714 creator
1828 681 1988 715 omnium
2020 693 2156 722 rerum,
2198 687 2232 715 et

1242 730 1408 764 conditor
1431 729 1608 764 Ecclesiae
1639 737 1737 771 tuae,
1777 744 1848 765 una
1875 744 1954 765 cum
1989 733 2062 766 filio
2086 739 2148 766 tuo
2172 744 2232 765 co-

1242 787 1385 814 aeterno
1409 779 1565 815 Domino
1589 788 1711 815 nostro
1737 781 1814 815 Iesu
1837 780 2001 822 Christo,
2038 791 2071 817 et
2092 782 2231 827 Spiritu

1242 839 1380 869 sancto,
1408 832 1563 875 sapiens,
1590 833 1700 873 bone,
1734 833 1822 866 iuste
1850 841 1882 867 et
1906 834 2121 875 misericors,
2153 845 2231 876 gra-

1244 882 1310 916 tias
1337 882 1492 926 agimus,
1532 884 1628 927 quod
1661 880 1830 917 hactenus
1862 885 2008 918 servasti
2039 883 2232 918 Ecclesiam

1243 939 1359 974 tuam,
1395 940 1501 978 teque
1526 945 1609 974 oro,
1651 940 1691 967 ut
1722 941 1865 978 propter
1893 935 2004 968 filium
2036 935 2233 969 Dominum

1243 990 1405 1017 nostrum
1427 984 1539 1017 lesum
1562 981 1744 1018 Christum
1761 985 1925 1029 deinceps
1943 999 2083 1031 quoque
2101 998 2175 1018 eam
2195 986 2233 1017 in

1244 1032 1300 1067 his
1317 1035 1521 1078 regionibus
1546 1046 1677 1068 serves:
1713 1034 1782 1068 Fac
1802 1043 1841 1069 ut
1857 1035 1911 1070 Ev
1914 1037 2040 1079 nigelli
2057 1049 2124 1070 vox
2142 1047 2234 1068 sem-

1244 1097 1307 1129 per
1331 1093 1431 1119 sonet
1457 1086 1493 1118 in
1519 1082 1572 1118 his
1589 1084 1778 1127 Ecclesiis,
1811 1094 1844 1121 et
1873 1087 2066 1121 multorum
2094 1093 2236 1131 pectora

1243 1137 1286 1169 ad
1307 1142 1339 1169 te
1353 1136 1489 1177 flectas,
1513 1143 1553 1169 ut
1570 1136 1633 1169 tibi
1653 1149 1733 1169 vere
1748 1137 1934 1178 obediant,
1969 1145 2003 1171 et
2020 1138 2105 1171 fiant
2122 1148 2235 1170 mem-

1244 1187 1305 1219 bra
1319 1185 1498 1220 Ecclesiae
1519 1193 1599 1219 tuae
1621 1193 1800 1220 aeter-:nae
1829 1186 1882 1220 Da
1905 1199 2024 1231 pacem
2046 1186 2100 1222 his
2117 1187 2233 1230 regio-

1243 1237 1369 1277 nibus,
1405 1244 1437 1271 et
1469 1237 1695 1270 concordiam
1726 1239 2034 1280 gubernatoribus.
2103 1237 2235 1278 Amen,

1243 1285 1339 1323 Dixi.

2069 1522 2117 1542 am
2140 1510 2237 1542 1546.

1477 1620 1554 1660 De
1583 1620 1746 1676 linqua
1779 1620 2002 1663 hebraica.

1314 1698 1345 1724 ln
1358 1697 1509 1725 Declamat.
1522 1698 1554 1724 T.
1565 1698 1612 1723 lV.
1627 1699 1714 1732 p.⁴85
1728 1708 1801 1734 sqq..
1822 1701 1893 1733 apud
1903 1700 2029 1728 Richard.
2045 1700 2076 1727 T.
2093 1701 2112 1727 1.
2132 1700 2239 1734 ,ms-17..

1346 1733 1374 1758 in
1390 1733 1454 1758 Serv
1458 1738 1504 1759 est.
1520 1732 1566 1759 lv,
1586 1708 1677 1767 pelo
1701 1739 1725 1759 et
1743 1734 1816 1760 ὶιιἹ.
1835 1735 1881 1760 ΙΙΙ.
1903 1734 2011 1761 Ersord.
2034 1735 2073 1763 lit.
2090 1746 2114 1762 ιι.
2135 1736 2169 1766 5.
2191 1720 2239 1761 ubi

1348 1767 1466 1792 refertur
1480 1768 1511 1793 ad
1527 1743 1662 1799 ansts-19,
1680 1768 1724 1793 sed
1739 1777 1768 1793 ex
1784 1769 1925 1801 opinione.
1946 1771 1993 1796 lm·
1997 1770 2040 1795 eni
2055 1771 2235 1804 apographon

1349 1800 1376 1826 in
1406 1802 1466 1826 cod.
1496 1803 1608 1828 Monac.
1629 1785 1672 1826 83
1700 1803 1816 1828 no.1v.
1848 1813 1872 1836 p.
1896 1804 1951 1829 126.
1984 1805 2029 1829 ubi
2063 1804 2238 1832 inscribitur.

1349 1834 1471 1867 „Oratio
1487 1835 1554 1860 Phil.
1573 1835 1618 1860 M
1623 1835 1658 1867 1.,
1689 1845 1770 1869 quam
1786 1836 1910 1863 recitavit
1929 1839 2052 1864 Andreas
2065 1837 2239 1874 vvistiugiun

1348 1870 1377 1895 in
1394 1869 1577 1905 Regiomonte
1590 1869 1716 1896 Prussiae
1729 1879 1802 1896 anno
1816 1871 2007 1898 dom.1546.”

1371 1958 1501 1991 Oratio
1524 1956 1571 1992 de
1586 1956 1725 1993 studiis
1747 1958 1905 2005 lin-quae
1924 1958 2112 1997 ebroicae.

438 2048 518 2083 Scio
537 2059 598 2080 vos
616 2047 653 2079 in
671 2043 734 2079 hac
750 2057 873 2089 magna
901 2045 961 2078 xit·
964 2057 993 2077 ne
1019 2042 1220 2078 humanae
1217 2066 1220 2099 Ι
1247 2036 1393 2088 Saepe
1386 2056 1421 2076 m
1440 2041 1507 2077 hoc
1525 2050 1595 2077 tam
1616 2044 1721 2088 longo
1741 2044 1877 2084 itinere
1904 2045 1988 2080 inde
2002 2058 2144 2092 usquea
2161 2047 2238 2093 ripa

1249 2095 1372 2135 Albis,
1398 2096 1441 2127 ad
1461 2092 1555 2128 hunc
1575 2095 1691 2129 sinum
1707 2094 1991 2137 marisBalthici,
2018 2098 2174 2141 cogitans
2194 2100 2238 2133 de

1247 2143 1312 2179 hac
1329 2144 1356 2190 ¹)
1380 2145 1483 2179 senili
1510 2146 1809 2189 peregrinatione,
1850 2159 1921 2180 non
1954 2155 2025 2182 tam
2057 2149 2237 2194 ‹leploraxi

1247 2209 1364 2229 meum
1385 2196 1550 2238 exilium,
1575 2209 1680 2241 quam
1697 2209 1923 2231 aerumnosas
1939 2196 2116 2233 Ecclesiae
2141 2201 2238 2244 fingas

1247 2248 1406 2281 onmium
1425 2254 1643 2291 temporum,
1677 2248 1749 2280 imo
1767 2260 1884 2281 rerum
1903 2249 2064 2283 omnium
2090 2251 2239 2285 instabi-

1248 2299 1393 2332 litatem.
1447 2298 1542 2340 Quid
1568 2298 1662 2331 enim
1688 2298 1888 2332 mirabilius
1912 2307 1983 2339 est,
2016 2313 2122 2346 quam
2148 2300 2238 2337 hanc

1248 2349 1402 2393 lingnam
1423 2349 1535 2392 gentis
1547 2347 1716 2389 Ebu-aeae,
1744 2358 1859 2383 natam
1880 2351 2000 2395 procul
2018 2353 2059 2385 ad
2073 2350 2237 2398 Euphra—

1247 2408 1337 2439 tem,
1372 2412 1432 2433 sen
1461 2399 1666 2440 lordanem,
1702 2412 1796 2434 nunc
1822 2401 1867 2433 ab
1891 2401 2036 2435 immine
2055 2402 2235 2437 Germano

1247 2449 1303 2483 liic
1322 2451 1439 2484 doceri
1459 2451 1494 2483 in
1515 2451 1629 2484 littore
1646 2451 1752 2485 maris
1770 2449 1942 2493 Balthici,
1976 2454 2067 2486 inter
2084 2453 2235 2488 Germa—

1246 2514 1329 2539 nus,
1352 2502 1540 2541 Sarmatas,
1568 2509 1599 2535 et
1618 2502 1703 2536 alias
1723 2511 1854 2543 gentes,
1882 2515 1971 2548 quae
1987 2516 2129 2547 prorsus
2148 2505 2234 2538 alie-

1248 2553 1412 2586 nis-simae
1434 2565 1452 2586 a
1478 2553 1656 2586 literarum
1684 2553 1820 2587 cultura
1849 2555 2014 2587 luerunt>
2064 2555 2131 2588 Sed
2153 2556 2237 2601 quia

1248 2604 1297 2637 Ην
1302 2617 1341 2637 ιι5
1361 2605 1489 2648 spargit
1509 2602 1653 2637 Ecclesi.
1649 2617 1700 2637 nn
1720 2604 1754 2637 in
1775 2611 1886 2638 totum
1903 2605 2025 2638 orbem
2051 2611 2238 2651 terrarum,

1284 2720 1309 2749 l)
1329 2718 1397 2743 Cud.
1418 2717 1528 2744 Monac.
1544 2718 1584 2743 38.
1604 2719 1653 2742 hoe
1673 2726 1746 2743 mro.
