2338 2958
130 113 225 148 1021

137 197 204 232 No,
225 195 309 232 150.
940 208 968 228 a.
997 196 1091 228 1552.

209 305 284 347 De
309 301 580 345 Eberhardo
608 302 740 344 Duce
773 301 1023 345 Wurtemb.

194 392 317 419 Prodite:
331 392 447 425 „Oratio
462 392 494 418 de
507 391 604 417 illustri
614 390 740 425 Principe
748 390 919 421 Eberhardo,
942 389 1019 416 Duce
1028 388 1119 415 VVir-

224 427 279 453 teb.
295 428 403 452 recitata
417 436 430 451 a
441 425 722 453 loh.Scbneidewein.
741 424 854 450 Witeb.
871 426 944 450 1552.
964 425 988 450 4.
1007 424 1059 458 2¹l2
1067 424 1119 457 pl.'’

225 462 283 493 (An
302 461 368 488 alia:
388 459 513 495 „Oratio
529 459 563 485 de
575 459 732 485 Eberhardo
746 459 815 484 duee
823 458 1118 484 Wirteb.Acad.‘rut›.

224 495 387 527 fundatore,
407 493 502 520 Norib.
518 494 591 520 1777.
612 493 663 526 43¹,
683 502 763 526 quam
777 493 929 519 Strobelius
944 501 1116 518 commemo-

224 533 265 555 rat
280 528 307 553 in
324 529 388 554 bibl.
403 529 470 553 Mel.
488 537 532 553 no.
546 528 596 553 74⁴
615 529 707 553 eadem
728 526 779 559 sit,
807 527 922 559 nescio.)
959 526 1063 552 Reeusa
1087 526 1115 550 in

227 563 319 589 select.
340 561 494 588 Declamat.
531 562 563 588 T.
584 561 631 587 ΙΙΙ.
665 570 691 595 p.
709 562 754 586 161
775 570 835 595 sqq.
874 560 989 586 Servest.
1015 560 1048 587 Τ.
1069 559 1115 587 lll.

223 607 249 632 p.
266 596 322 622 15³.
342 596 469 623 Richard.
484 596 516 623 T.
532 595 565 625 ll.
581 605 608 630 p.
623 595 682 621 778.
708 595 751 621 Cf.
764 595 812 629 Ep.
826 594 894 622 Met.
911 594 937 620 d.
951 594 978 621 d.
993 594 1036 621 25.
1049 594 1116 621 Dee.

226 640 270 657 an.
285 631 361 658 1552.

132 721 261 754 oratio
286 717 332 753 de
345 716 556 760 Eberardo,
583 717 692 751 Duce
713 715 1022 764 Wirteberyenst‘,·
1060 727 1117 750 re-

126 773 243 805 citata
281 780 306 803 a
339 767 456 803 Doct.
491 766 703 802 Iohanne
736 767 1116 809 schneidewein,

125 832 209 856 cum
229 818 375 867 gradus
396 819 664 854 decerneretur
682 819 832 853 Doctori
852 821 1000 865 Georyio
1014 819 1115 853 Mitt-

126 872 202 916 ler,
236 868 534 916 Mansfeldensi,
569 880 631 904 an.
659 867 768 904 1552.
809 869 869 915 (cf.
893 871 1010 912 Scripta
1032 873 1115 912 publ.

494 921 533 955 T.
547 921 574 955 Ι.
601 934 632 962 p.
651 922 746 961 414.)

126 997 180 1039 Ut
202 1001 302 1035 navis
324 1001 427 1035 Pauli
458 1001 495 1035 in
526 1001 651 1035 mediis
677 999 862 1044 fluctibus,
896 1001 1019 1046 rapido
1043 1001 1118 1047 Ty-

126 1052 244 1098 phone
263 1052 419 1096 agitatis,
449 1052 509 1097 qui
526 1058 559 1086 et
576 1059 746 1086 antennas
765 1059 795 1087 et
819 1064 934 1085 remos
956 1053 1117 1095 fregerat,

125 1116 205 1137 vere
224 1109 341 1137 tamen
357 1103 478 1136 divina
496 1115 560 1147 ope
574 1109 751 1142 servatur,
777 1103 889 1135 donec
913 1103 951 1134 in
975 1108 1115 1146 portum

127 1154 237 1188 venit:
273 1153 319 1187 ita
338 1165 411 1187 non
431 1153 579 1186 dubium
600 1158 670 1193 est,
707 1151 801 1185 inter
820 1158 933 1186 tantos
953 1153 1115 1185 diabolo-

125 1217 204 1239 rum
227 1210 261 1237 et
289 1201 475 1236 hominum
494 1203 649 1240 furores,
675 1202 735 1248 qui
754 1202 924 1247 dissipare
949 1209 982 1236 et
1000 1202 1116 1235 delere

125 1265 235 1299 genus
258 1250 454 1286 humanum
478 1259 671 1290 conantur,
704 1259 875 1297 quantum
901 1253 1035 1297 politici
1056 1265 1117 1286 or-

125 1304 238 1345 dinis,
272 1310 306 1337 et
329 1301 502 1337 humanae
527 1302 719 1344 societatis,
751 1303 989 1345 educationis,
1012 1303 1116 1337 insti-

126 1354 285 1394 tutionis,
314 1354 429 1397 legum
444 1360 477 1387 et
494 1353 708 1387 iudiciorum
724 1354 900 1399 reliquum
916 1360 980 1395 est,
1005 1366 1024 1387 a
1035 1354 1113 1388 Deo

125 1405 201 1450 ipso
220 1404 440 1445 conservari,
466 1410 500 1438 et
516 1403 632 1446 legum
651 1415 771 1437 vocem
790 1416 870 1438 vere
888 1416 960 1438 esse
975 1403 1115 1449 sapien-

126 1457 210 1490 tiam
230 1454 313 1495 Dei,
339 1455 520 1488 rectricem
545 1454 636 1488 vitae
660 1452 852 1496 humanae,
879 1455 923 1488 de
941 1467 1009 1500 qua
1026 1455 1116 1488 dici-

129 1514 205 1541 tur:
233 1504 302 1539 Per
324 1517 378 1537 me
395 1503 509 1548 Reges
532 1511 697 1548 regnant,
726 1512 759 1538 et
785 1505 918 1538 iudices
942 1506 1030 1539 iusta
1054 1506 1116 1538 de-

126 1561 295 1596 cernunt,
320 1561 353 1589 et
374 1555 535 1600 quidem,
562 1561 599 1588 ut
619 1562 761 1599 propter
778 1554 927 1589 Paulum
950 1555 1115 1590 laceratio

125 1607 227 1641 navis
249 1606 461 1650 impeditur,
488 1605 535 1639 ita
555 1612 592 1639 ut
609 1605 726 1648 colligi
742 1604 916 1647 Ecclesia,
943 1613 975 1640 et
991 1604 1115 1639 haere-

126 1657 218 1692 ditas
242 1656 315 1690 filio
334 1655 399 1690 Dei
420 1655 544 1701 possit,
572 1667 652 1701 pars
677 1655 814 1700 generis
836 1653 983 1690 humani
1005 1668 1024 1690 a
1040 1656 1115 1691 Deo

126 1714 295 1742 servatur.

228 1779 325 1814 Haec
352 1790 433 1812 cum
460 1779 532 1813 sint
560 1778 763 1819 verissima,
794 1780 897 1814 valde
921 1779 1115 1814 dolendum

129 1838 200 1873 est,
232 1828 461 1876 paucissimos
482 1826 645 1862 homines
668 1841 854 1873 agnoscere
878 1831 1115 1864 conservatio-

128 1894 210 1916 nem
236 1881 327 1914 vitae
352 1878 535 1923 politicae,
562 1879 671 1922 leges,
696 1890 736 1912 ac
756 1879 906 1921 iudicia,
938 1892 1019 1914 vere
1044 1892 1117 1914 esse

129 1930 331 1978 operaDei,
357 1935 391 1963 et
405 1929 605 1963 testimonia
623 1929 838 1973 praesentiae
849 1929 915 1964 Dei
933 1929 1026 1964 inter
1042 1943 1117 1972 nos,

129 1991 164 2018 et
181 1983 220 2017 in
235 1982 309 2026 ipsa
324 1979 420 2014 curia
434 2005 444 2020 ,
471 1986 504 2013 et
521 1979 557 2012 in
577 1979 720 2012 familiis
739 1980 880 2016 nostris.
929 1980 1117 2015 Pauciores

128 2046 213 2068 vero
231 2043 348 2067 amare
363 2036 395 2064 et
410 2029 570 2063 venerari
587 2026 673 2063 haee
691 2030 811 2063 divina
833 2043 993 2067 munera.
1046 2032 1116 2066 Sed

129 2083 234 2119 multi
251 2089 285 2117 et
302 2080 418 2116 Deum
441 2087 623 2114 removent
640 2092 659 2113 a
682 2081 957 2124 gubernatione,
980 2089 1015 2117 et
1036 2094 1118 2116 casu

131 2134 251 2169 omnia
267 2132 364 2167 volui
382 2137 520 2176 putant.
559 2131 669 2174 Leges
687 2143 781 2173 vero,
806 2131 950 2173 iudicia,
977 2145 1118 2177 poenas,

131 2186 285 2220 oderunt
317 2190 485 2228 tanquam
517 2193 708 2221 carcerem,
741 2188 775 2216 et
803 2182 957 2226 cogitant
977 2184 1118 2218 vincula

131 2247 204 2271 esse
221 2240 404 2280 potentum
419 2231 575 2267 arbitriis
593 2232 795 2277 excogitata.

232 2309 308 2346 Etsi
327 2317 443 2344 autem
468 2320 605 2353 semper
623 2309 724 2343 multi
744 2322 846 2344 coeco
869 2310 986 2344 surore
1004 2308 1118 2345 Deum

133 2371 165 2399 et
182 2374 235 2397 res
253 2361 391 2396 divinas
407 2357 627 2394 horribiliter
644 2367 847 2394 cotemnunt
859 2385 868 2399 ,
896 2367 1011 2394 tamen
1025 2359 1119 2395 Deus

133 2416 172 2449 in
188 2412 279 2448 hanc
297 2424 362 2445 nos
384 2411 570 2445 stationem
594 2411 795 2452 collacavit,
821 2418 859 2445 ut
883 2412 1017 2445 furores
1041 2412 1120 2445 illos

133 2469 334 2500 constanter
357 2468 532 2501 taxemus,
557 2468 589 2494 et
615 2461 796 2496 veritatem
822 2462 1055 2501 illustremus,
1082 2469 1121 2496 ut

134 2522 250 2550 extent
273 2515 316 2547 de
340 2513 414 2557 ipso
439 2511 657 2551 testimonia,
691 2524 729 2545 ac
752 2519 789 2546 ut
807 2512 915 2557 aliqui
933 2513 1120 2554 sanabiles,

532 106 690 145 DECL.
725 105 798 144 DE
830 104 1205 145 EBERHARDO
1240 104 1393 143 DUCE
1430 104 1757 146 WURTEMB.

2065 113 2159 147 1022

1170 191 1338 237 pientiam
1348 190 1426 234 Dei,
1448 203 1536 237 opus
1553 192 1728 232 divinum,
1755 201 1788 229 et
1803 195 2042 230 testimonium
2059 209 2161 241 prae-

1170 244 1301 277 sentiae
1317 242 1383 277 Dei
1400 243 1492 278 inter
1509 255 1574 277 nos
1595 256 1685 286 esse,
1712 251 1745 279 et
1768 246 1936 280 beneficia
1958 247 2077 280 divina
2106 260 2161 281 sa—

1169 293 1296 327 lutaria
1331 294 1452 333 nobis,
1490 295 1642 338 plurima
1670 297 1871 341 complecti,
1913 304 1947 331 et
1974 298 2159 341 praecipue

1168 351 1312 388 propter
1327 342 1442 377 Deum
1466 352 1645 386 autorem,
1672 348 1912 381 venerandum
1938 354 1971 381 et
1995 359 2159 381 reveren-

1169 400 1221 427 ter
1244 395 1416 427 tuendum
1442 406 1531 428 esse:
1566 396 1694 429 deinde
1720 398 1822 431 etiam
1848 410 1887 431 eo
1910 399 2081 431 amandus
2107 406 2157 432 est

1168 445 1256 477 ordo
1282 445 1461 488 politicus,
1489 445 1570 490 quia
1588 447 1736 481 maxime
1754 448 1918 482 convenit
1942 447 2079 483 bomini
2104 449 2161 481 in-

1168 494 1345 537 telligere,
1370 502 1403 528 ct
1422 507 1538 528 amare
1557 497 1762 539 sapientiam
1775 525 1785 538 ,
1813 506 1845 533 et
1863 500 2060 533 discernere
2084 511 2161 532 eam

1169 557 1187 578 a
1205 545 1386 578 furoribus
1409 552 1441 579 et
1458 547 1661 579 mendaciis.

1269 619 1338 654 Sed
1362 620 1472 664 magis
1493 626 1680 654 moventur
1706 619 1869 656 homines
1892 622 2053 657 utilitatis
2077 637 2162 658 con-

1168 671 1392 705 sideratione.
1444 669 1544 713 Quae
1559 682 1612 704 res
1629 678 1745 705 autem
1765 673 1832 706 alia
1850 674 1940 707 vitae
1956 675 2079 707 utilior
2096 683 2159 719 est,

1169 734 1275 767 quam
1293 719 1378 754 haec
1400 720 1515 754 civilis
1535 722 1708 755 societas?
1762 722 1851 756 Nam
1876 724 1947 757 vita
1970 721 2158 758 hominum

1168 773 1244 806 sine
1260 772 1452 806 multorum
1471 772 1666 806 officiorum
1685 774 2012 816 communicatione,
2035 783 2067 809 et
2084 777 2159 809 sine

1169 823 1349 857 communi
1376 823 1580 856 defensione
1605 824 1749 857 retineri
1784 837 2006 870 nequaquam
2035 834 2159 870 potest.

1168 873 1260 908 Sunt
1281 881 1397 908 autem
1416 873 1517 906 nervi
1539 873 1712 907 societatis
1739 875 1847 918 leges,
1873 876 2038 919 imperia,
2064 877 2158 909 iudi-

1169 925 1240 965 cia,
1262 935 1405 968 poenae.
1457 922 1504 957 Et
1528 930 1642 958 custos
1666 932 1716 958 est
1741 923 1847 959 huius
1868 927 2029 960 utilitatis
2051 928 2158 961 etiam

1169 975 1242 1019 ipse
1259 973 1371 1008 Deus:
1407 986 1488 1007 nam
1511 981 1596 1008 tunc
1619 987 1761 1020 quoque
1784 988 1862 1010 cum
1883 976 2156 1020 Magistratuum

1168 1026 1354 1059 autoritate
1378 1025 1549 1068 compesci
1575 1023 1737 1059 homines
1758 1027 1906 1061 violenti
1933 1040 1972 1061 ac
2001 1028 2157 1062 scelerati

1167 1088 1241 1109 non
1258 1082 1414 1120 possunt,
1440 1074 1536 1109 Deus
1551 1075 1624 1119 ipse
1637 1077 1733 1110 adest
1749 1077 1888 1119 vindex,
1914 1085 1948 1111 et
1964 1079 2065 1122 punit
2083 1091 2155 1112 sce—

1168 1127 1250 1167 lera,
1276 1125 1381 1159 simul
1399 1131 1438 1159 ut
1454 1127 1616 1159 ostendat
1632 1137 1666 1159 se
1683 1138 1754 1161 esse
1772 1127 1916 1170 iustum,
1943 1136 1976 1163 et
1993 1142 2037 1162 ne
2054 1130 2157 1162 dissi-

1168 1183 1287 1221 petur,
1314 1188 1353 1209 ac
1371 1176 1531 1209 deleatur
1555 1188 1665 1219 genus
1690 1174 1905 1219 humanum,
1927 1179 2017 1214 sicut
2040 1180 2157 1225 iuquit

1167 1228 1258 1260 filius
1274 1225 1355 1259 Dei:
1390 1225 1461 1268 Qui
1485 1226 1640 1269 gladium
1665 1229 1853 1273 acceperit,
1876 1230 1992 1273 gladio
2015 1231 2156 1274 peribit.

1168 1277 1237 1311 Nec
1255 1277 1361 1310 dubia
1388 1283 1437 1310 est
1458 1277 1596 1319 regula:
1623 1275 1767 1313 Atrocia
1792 1280 1916 1314 delicta
1941 1281 2154 1315 comitantur

1167 1335 1300 1362 atroces
1318 1339 1451 1373 poenae
1469 1327 1506 1360 in
1525 1325 1589 1361 hac
1608 1328 1690 1362 vita.

1267 1402 1358 1438 Cum
1383 1403 1492 1447 igitur
1514 1404 1738 1439 manifestum
1762 1406 1825 1447 sit,
1850 1408 2010 1442 ordinem
2033 1411 2153 1454 politi-

1167 1466 1246 1488 cum
1264 1455 1333 1489 Dei
1351 1466 1438 1498 opus
1453 1467 1543 1496 esse,
1568 1468 1718 1501 cumque
1735 1458 1779 1492 sit
1796 1458 1834 1491 in
1853 1467 2040 1504 conspectu
2055 1461 2154 1494 utili-

1167 1511 1237 1546 tas,
1273 1505 1506 1538 exuscitemus
1538 1507 1676 1540 animos
1697 1508 1740 1540 ad
1766 1509 2082 1544 considerationem
2120 1519 2153 1545 vt

1167 1567 1322 1589 amorem
1348 1556 1436 1589 tanti
1459 1556 1563 1597 boni,
1586 1564 1619 1590 et
1643 1558 1774 1592 frenari
1792 1561 1998 1604 cupiditates
2017 1569 2154 1595 nostras

1166 1603 1231 1639 bac
1253 1617 1377 1639 norma
1404 1605 1524 1639 divina
1548 1607 1734 1650 patiamur.
1802 1609 1914 1655 Saepe
1941 1612 2044 1645 etiam
2075 1625 2154 1645 cum

1167 1656 1348 1689 intuemur
1369 1656 1505 1690 furores
1525 1654 1710 1691 hominum
1730 1660 1951 1695 turbantium
1977 1660 2070 1696 bunc
2096 1676 2155 1696 or-

1167 1707 1305 1746 dinem,
1341 1713 1379 1740 ut
1403 1707 1439 1739 in
1465 1708 1546 1740 navi
1569 1707 1699 1742 Paulus
1723 1710 1890 1753 faciebat,
1926 1724 1990 1746 nos
2015 1726 2155 1759 quoque

1166 1756 1280 1790 Deum
1313 1757 1531 1790 conditorem
1564 1760 1700 1801 generis
1729 1758 1877 1795 humani
1907 1775 2063 1803 oremus,
2111 1777 2155 1797 ne

1168 1807 1333 1841 fluctibus
1350 1808 1504 1851 opprimi
1526 1806 1587 1841 has
1610 1817 1746 1844 nostras
1764 1812 1921 1855 politias,
1946 1821 2084 1848 nostras
2101 1815 2154 1848 sa-

1168 1857 1303 1896 milias,
1328 1864 1447 1891 nostra
1465 1858 1660 1902 tuguriola,
1684 1862 1814 1906 templa
1831 1869 1865 1897 et
1881 1861 2017 1898 scholas
2033 1865 2135 1901 sinat.

1271 1931 1325 1965 Te
1344 1931 1452 1975 igitur
1466 1933 1690 1978 omnipotens
1708 1934 1823 1979 Deus,
1848 1945 1987 1973 aeterne
2005 1947 2035 1974 et
2051 1941 2155 1974 unice

1169 1990 1266 2028 pater
1290 1981 1438 2016 Domini
1465 1984 1575 2017 nostri
1603 1984 1678 2018 lesu
1697 1984 1848 2029 Christi,
1882 1991 2044 2025 conditor
2067 1993 2155 2025 cocli

1169 2041 1203 2068 et
1229 2040 1362 2075 terrae,
1393 2040 1426 2067 et
1451 2031 1635 2069 hominum
1659 2043 1693 2071 et
1718 2039 1876 2073 omnium
1904 2049 2156 2083 creaturarum,

1167 2097 1239 2119 una
1261 2096 1338 2117 cum
1364 2084 1438 2117 filio
1463 2091 1524 2119 tuo
1540 2083 1695 2121 Domino
1718 2095 1838 2123 nostro
1858 2089 1934 2124 lesu
1952 2089 2094 2128 Christo
2123 2103 2157 2129 et

1171 2135 1307 2179 Spiritu
1321 2141 1463 2175 sancto,
1488 2136 1646 2180 sapiens,
1676 2151 1798 2178 verax,
1821 2141 1925 2182 bone,
1953 2142 2053 2184 iuste,
2075 2145 2157 2179 vin-

1169 2187 1247 2226 dex,
1270 2191 1373 2226 caste,
1398 2185 1589 2226 liberrime,
1606 2200 1682 2229 oro,
1708 2196 1746 2223 ut
1763 2198 1905 2235 propter
1918 2193 2028 2225 filium
2048 2202 2159 2236 tuum,

1170 2235 1364 2269 Dominum
1394 2243 1554 2270 nostrum
1580 2237 1694 2272 lesum
1718 2237 1920 2283 Christum,
1955 2245 2157 2279 crucifixum

1173 2298 1236 2331 pro
1252 2286 1355 2319 nobis
1369 2292 1401 2320 et
1419 2287 1675 2330 resuscitatum,
1693 2290 2029 2334 semperEcclesiam
2046 2303 2157 2330 aeter-

1173 2349 1254 2369 nam
1279 2336 1372 2370 inter
1399 2348 1463 2369 nos
1488 2337 1645 2381 colligas,
1680 2346 1713 2373 et
1740 2341 1930 2384 gubernes,
1956 2351 1987 2378 et
2014 2355 2159 2391 propter

1173 2399 1246 2420 eam
1263 2398 1377 2420 serves
1395 2393 1428 2420 et
1449 2394 1608 2431 protegas
1623 2386 1707 2423 haec
1726 2387 1896 2435 hospitia,
1922 2401 1954 2428 et
1972 2393 2034 2429 lios
2053 2398 2157 2431 nidu-

1172 2438 1224 2471 los
1239 2444 1396 2481 nostros,
1425 2444 1458 2471 et
1475 2438 1565 2481 leges
1583 2446 1616 2473 et
1634 2440 1866 2485 disciplinam.

1274 2511 1370 2545 Haec
1387 2520 1466 2547 vota
1486 2513 1643 2557 quotidie
1662 2515 1752 2548 veris
1770 2519 1955 2559 gemitibus
1973 2525 2160 2565 repetenda

132 2573 252 2600 nostra
277 2561 614 2597 commonefactione
648 2563 833 2596 flectantur
867 2564 910 2596 ad
945 2563 1122 2597 virtutem.
1144 2583 1147 2612 Ξ
1172 2569 1273 2601 sunt,
1301 2575 1387 2608 quae
1406 2575 1607 2608 quanquam
1623 2567 1756 2609 magnis
1773 2568 1936 2602 fluctibus
1955 2579 2071 2606 nostra
2096 2587 2159 2606 na-

135 2617 246 2661 Saepe
274 2615 381 2658 igitur
406 2612 597 2657 repetimus
627 2609 718 2646 hanc
747 2613 963 2647 verissimam
989 2614 1121 2648 doctri-

135 2679 231 2709 nam,
254 2677 343 2712 quae
358 2665 520 2699 adfirmat
536 2670 647 2697 totum
664 2664 826 2698 ordinem
844 2664 1040 2709 politicum,
1067 2676 1122 2699 sa-

1173 2614 1225 2647 vis
1243 2619 1445 2658 quassatur,
1472 2621 1588 2647 tamen
1615 2627 1687 2649 non
1713 2625 1816 2652 erunt
1842 2619 1948 2653 irrita.
2001 2621 2089 2657 Nota
2110 2633 2161 2659 est

1145 2664 1268 2702 ‚enim
1296 2664 1484 2698 iuramenti
1514 2678 1596 2699 vox:
1639 2664 1753 2702 Amen
1781 2668 1897 2703 Amen
1933 2671 2013 2706 dico
2045 2675 2160 2708 vobis:
