2338 2958
141 129 220 163 997
631 126 791 165 DECL.
825 125 900 163 DE
933 122 1336 162 DEFINITIONE
1372 122 1690 160 IUSTITIAE.
2093 128 2166 163 998

141 221 219 257 pter
232 213 342 246 filium
358 211 424 246 Dei
438 212 563 245 donari
581 213 821 246 remissionem
841 219 1072 257 peccatorum.
1099 217 1132 244 et

141 264 374 308 imputatione
390 263 548 296 iusticiae
567 275 627 308 per
644 264 746 296 fidem
763 275 941 297 accensam
959 275 977 295 a
994 261 1131 305 Spiritu

140 321 272 349 sancto.

239 370 316 404 Hac
333 371 524 405 necessaria
542 371 701 404 doctrina
719 371 856 410 omissa,
881 367 1129 404 Enthusiastae

141 428 174 456 et
195 422 327 455 similes
346 422 521 456 iactabant
543 433 623 454 suos
647 422 816 460 adflatus,
844 419 1040 463 theurgicas
1056 420 1129 451 vir-

140 479 242 511 tuteS,
263 479 295 505 et
311 472 439 505 similia
457 468 639 516 θαύματα
654 471 840 516 ῥήματων,
867 483 955 515 quae
971 470 1128 502 sciebant

139 523 410 556 admirationem
428 522 512 566 ipsis
529 534 650 567 parere
667 523 757 565 apud
779 522 957 565 populum.
989 519 1127 553 Deinde

138 573 368 606 multitudine
383 573 484 614 freti,
512 573 748 606 moliebantur
770 584 860 605 nova
880 582 984 613 regna
1007 576 1040 603 et
1061 582 1126 602 no-

138 634 199 655 vas
225 622 473 667 lerosolymas,
499 623 587 656 sicut
609 623 766 656 fecerunt
783 621 992 665 Pepusiani,
1018 627 1052 653 et
1072 632 1128 652 re-

138 684 218 706 cens
234 671 497 717 Anabaptistae.
533 673 652 715 Quare
667 674 832 705 adversus
850 671 982 704 semina
1001 671 1124 703 talium

137 723 319 761 surorum,
347 723 454 756 animi
479 735 560 756 vera
583 723 743 756 doctrina
767 729 800 756 et
820 721 1041 756 invocatione
1063 721 1125 753 filii

137 771 203 806 Dei
221 773 376 806 studiose
393 773 578 806 muniendi
594 780 686 808 sunt.

240 831 342 865 Nunc
364 831 467 865 venio
491 833 533 865 ad
555 832 703 865 alterum
727 832 925 865 membrum
949 829 1125 863 definitio-

138 881 210 921 nis,
238 882 275 914 in
299 894 368 927 quo
388 882 518 915 dicitur
543 882 677 915 iusticia
705 893 776 915 esse
801 880 1022 925 aequalitatis
1041 892 1125 913 con-

137 933 299 967 servatio.
350 931 418 964 Hic
435 932 532 965 vides
550 932 775 965 constitutam
793 943 864 964 esse
882 930 1123 963 definitionem

138 992 178 1013 ex
194 981 341 1014 diversis
357 982 605 1025 opinionibus,
632 982 707 1016 vult
725 982 898 1015 iusticiam
922 992 993 1013 esse
1009 987 1125 1013 motus

138 1031 277 1065 divinos
308 1033 344 1065 iu
373 1033 486 1065 nobis.
539 1031 661 1065 Postea
687 1045 730 1066 ne
755 1032 947 1075 negligeret
977 1042 1124 1074 operum

137 1081 353 1122 doctrinam,
377 1082 503 1115 adiecit
523 1079 614 1115 hanc
637 1083 863 1126 particulam,
889 1079 982 1124 μετὰ
1003 1077 1126 1124 ἰσότη-

136 1143 216 1172 τος,
244 1129 301 1165 hic
319 1133 432 1165 voluit
451 1132 634 1175 complecti
658 1132 770 1165 officia
788 1132 961 1164 secundae
985 1131 1125 1164 tabulae

137 1181 241 1224 legis,
268 1183 327 1215 sed
346 1182 494 1224 intelligi
517 1182 649 1215 dictum
667 1183 709 1215 de
733 1182 893 1216 ordinata
916 1181 1125 1226 aequalitate

137 1243 275 1265 necesse
292 1231 371 1265 erit.
422 1229 487 1265 Est
509 1238 624 1265 autem
649 1244 772 1265 norma
790 1231 1010 1277 aequalitatis
1027 1243 1125 1264 mens

136 1281 256 1314 divina
282 1282 319 1314 in
345 1283 417 1325 lege
441 1294 611 1326 expressa.

136 1343 268 1364 nomen
291 1333 510 1377 aequalitatis
538 1333 695 1366 armabat
721 1330 884 1366 homines
907 1332 1125 1372 tribunitius,

136 1389 175 1416 ut
191 1393 335 1426 magnos
353 1383 525 1418 tumultus
541 1383 578 1416 in
596 1383 797 1417 civitatibus
812 1383 1013 1417 excitarent.

239 1449 358 1492 Quare
384 1446 545 1482 homines
567 1450 660 1483 docti
685 1461 809 1493 magna
828 1449 968 1483 solertia
987 1449 1125 1494 quaesi-

136 1506 274 1539 verunt,
295 1500 408 1545 qualis
427 1500 469 1533 sit
489 1500 678 1544 aequalitas
696 1500 844 1534 iusticia.
897 1499 1125 1542 Sagacissime

136 1547 237 1582 Plato
256 1556 289 1583 et
307 1549 532 1590 Aristoteles,
559 1556 598 1583 ut
614 1549 650 1582 in
666 1549 821 1582 numeris
839 1549 1004 1583 viderunt
1019 1549 1124 1582 aliam

136 1610 208 1632 esse
233 1612 482 1641 numerorum,
514 1599 618 1632 aliam
639 1600 908 1644 proportionum
933 1599 1125 1644 aequalita-

136 1656 225 1691 tem,
252 1651 298 1684 ita
323 1651 490 1684 viderunt
511 1650 547 1682 in
573 1650 643 1683 vita
668 1650 912 1695 aequalitatem
935 1662 1009 1684 non
1035 1661 1126 1683 sem-

134 1711 198 1744 per
221 1702 342 1733 eodem
367 1701 473 1734 modo
502 1700 663 1744 intelligi.
725 1698 876 1744 Emptor
899 1701 958 1734 dat
982 1700 1124 1745 aequale

135 1750 291 1794 precium
308 1763 372 1795 pro
391 1763 515 1785 merce.
558 1750 653 1784 Haec
669 1757 719 1784 est
735 1752 926 1795 aequalitas
942 1758 974 1784 et
989 1761 1124 1783 summa

135 1807 169 1832 et
185 1800 309 1843 prima.
361 1799 550 1834 Distribuit
570 1812 699 1844 poenas
719 1801 833 1836 iudex.
885 1799 1001 1834 Aliter
1023 1801 1125 1844 punit

136 1850 308 1883 latronem
323 1877 331 1890 ‚
358 1850 419 1895 qni
443 1862 482 1882 ex
505 1851 643 1883 insidiis
664 1851 831 1884 viatorem
852 1851 996 1889 occidit,
1024 1851 1125 1884 aliter

136 1900 368 1934 temulentum
402 1898 602 1940 hominem,
637 1901 696 1944 qui
726 1900 842 1933 vicino
871 1901 974 1944 fregit
1005 1901 1123 1936 ollam.

135 1949 204 1983 Hic
221 1962 354 1994 poenae
374 1951 609 1995 respondeant
627 1950 782 1990 delictis,
810 1963 936 1995 corpus
959 1963 1020 1994 pro
1045 1963 1118 1984 cor-

135 2013 220 2045 pore
239 2002 430 2045 pendatur,
458 2013 520 2045 pro
538 2002 666 2034 damno
685 2001 843 2044 pecunia.
898 2001 1048 2047 Utrique
1067 2002 1122 2035 iu-

135 2052 201 2085 dex
217 2052 374 2097 aequalia
395 2052 521 2085 tribuit
542 2051 774 2084 similitudine
793 2053 1072 2096 proportionum.

236 2117 340 2152 Scitis
361 2118 529 2151 noticiam
555 2130 784 2152 numerorum
807 2126 909 2164 atque
929 2120 1064 2152 ordinis
1086 2119 1122 2152 in

136 2175 260 2202 natura
279 2169 426 2212 primam
442 2181 524 2209 esse,
542 2177 577 2202 et
592 2169 627 2201 in
647 2181 684 2202 ea
702 2169 850 2202 maxime
866 2170 1018 2214 conspici
1037 2170 1120 2214 quid

136 2219 181 2253 sit
204 2219 411 2263 aequalitas:
447 2220 564 2265 itaque
586 2220 628 2252 ad
653 2220 935 2263 perspicuitatem
959 2221 1123 2253 conducit

135 2270 292 2313 exempla
311 2282 328 2302 a
353 2271 506 2303 numeris
531 2282 679 2304 sumere.
729 2268 776 2304 Et
799 2270 1020 2304 dulcissimae
1042 2278 1122 2303 suut

135 2317 202 2353 bae
226 2320 354 2353 artium
380 2327 413 2354 et
433 2321 523 2354 vitae
546 2321 760 2355 collationes.
822 2320 890 2355 Sed
914 2332 978 2354 nos
1000 2321 1123 2354 rudius

135 2371 317 2415 aliquanto
359 2368 417 2404 hic
451 2371 710 2412 definitionem,
751 2373 794 2405 de
833 2383 902 2416 qua
933 2371 1123 2416 loquimur,

136 2432 350 2456 enarremuS.
413 2420 591 2455 Iusticiam
629 2422 678 2456 ait
713 2434 784 2456 esse
821 2422 1121 2456 conservationem

135 2471 374 2517 aequalitatis,
405 2472 567 2506 videlicet
591 2473 793 2514 ordinatae,
822 2485 861 2505 ac
879 2472 1038 2517 loquitur
1058 2471 1123 2506 hoc

135 2523 334 2556 membrum
352 2523 569 2557 definitionis
583 2524 627 2556 de
648 2524 772 2557 officiis
789 2523 990 2557 necessariis
1006 2523 1042 2556 in
1060 2520 1124 2556 hac

137 2573 316 2607 communi
346 2570 532 2608 hominum
566 2574 750 2615 societate,
781 2586 885 2619 quam
914 2573 1124 2619 aequalitate

137 2624 337 2657 conservari
352 2625 577 2659 manifestum
594 2632 655 2659 est.
689 2623 813 2658 Velim
828 2631 988 2668 parentes
1003 2625 1122 2658 eadem

135 2674 230 2708 bona
257 2674 364 2717 natis,
399 2688 487 2721 quae
517 2675 584 2709 sibi
612 2675 757 2714 volunt,
792 2675 969 2720 depellant
1003 2676 1122 2710 eadem

667 1280 767 1315 Olim
782 1295 922 1327 quoque
938 1282 1137 1326 plausibile,

1181 210 1291 249 mala,
1328 216 1368 244 ut
1400 210 1538 242 numeri
1569 210 1781 253 gignuntur,
1815 221 1893 243 cum
1926 212 1969 244 ad
1997 213 2166 246 unitatem

1181 260 1361 293 adduntur
1384 260 1546 303 deinceps
1574 261 1690 304 plures
1713 260 1877 294 unitates.
1932 259 1981 295 lta
1998 263 2039 294 ad
2059 263 2165 296 vitam

1181 310 1288 343 totius
1306 317 1423 343 coetus
1440 312 1617 350 tuendam,
1644 310 1832 344 necessaria
1851 317 1900 344 est
1917 322 1995 354 erga
2012 320 2166 346 caeteros

1181 361 1383 404 aequalitas.
1437 359 1532 392 Velis
1556 362 1676 393 eadem
1696 362 1787 393 bona
1808 360 1963 401 civibus,
1990 373 2078 406 quae
2100 362 2165 396 tibi

1181 410 1252 447 vis,
1281 409 1435 453 depellas
1458 411 1576 443 eadem
1599 411 1707 451 mala,
1736 411 1843 443 sumis
1860 412 1904 444 ab
1920 411 1989 444 alio
2006 423 2165 452 mercem,

1180 460 1287 491 redde
1308 460 1525 493 tantundem.
1583 459 1672 493 Nam
1699 461 1728 493 si
1751 473 1818 493 una
1847 473 1924 504 pars
1947 468 2083 497 tantum
2110 474 2166 495 ra-

1180 509 1267 552 piat,
1301 509 1407 542 altera
1440 507 1604 542 exhausta
1634 510 1724 543 fame
1747 511 1846 554 perit.
1898 511 1951 545 Ex
1978 509 2032 544 his
2055 512 2166 546 initiis

1181 566 1291 602 potest
1311 559 1479 601 intelligi,
1509 572 1571 592 cur
1589 566 1737 593 vetustas
1759 561 1859 594 toties
1877 561 1969 594 dicat
1992 562 2165 595 iusticiam

1179 609 1422 653 aequalitatem
1447 621 1536 647 esse,
1574 612 1668 654 quod
1693 618 1724 644 ct
1748 608 1831 642 haec
1856 611 1928 653 ipsa
1945 612 2066 644 divina
2085 624 2165 645 ora-

1179 660 1255 692 cula
1272 660 1412 693 docent:
1441 658 1574 702 Diligas
1590 660 1787 703 proximum
1805 661 1893 694 sicut
1910 661 2071 705 teipsum.
2104 661 2164 696 Et:

1179 710 1284 752 Quod
1319 710 1384 743 tibi
1419 722 1491 742 non
1520 711 1571 742 vis
1604 710 1699 750 fieri,
1733 711 1833 743 alteri
1862 723 1905 743 ne
1932 711 2046 746 facito.
2098 711 2166 746 Hic

1178 760 1334 802 agnoscis
1358 761 1601 805 aequalitatem
1626 761 1776 800 sanciri,
1803 767 1840 794 ut
1860 761 1949 795 sicut
1969 769 2000 795 te
2024 761 2075 793 vis
2094 774 2165 796 esse

1178 810 1410 851 incolumem,
1446 818 1477 843 et
1502 817 1601 844 tuum
1626 823 1774 855 corpus,
1801 811 1989 852 familiam,
2019 812 2164 846 domum

1178 861 1328 898 servari,
1354 861 1399 894 ita
1418 861 1503 893 velis
1521 867 1554 894 et
1571 861 1658 893 alios
1675 873 1746 894 esse
1765 861 1968 901 incolumes,
1996 868 2164 895 eteorum

1177 923 1341 953 corpora,
1367 912 1517 943 familias
1545 917 1577 943 et
1606 913 1729 944 domos
1754 912 1895 944 servari.
1946 909 1999 945 Ex
2014 910 2080 944 hoc
2095 913 2165 944 ini-

1176 961 1225 992 tio
1257 967 1389 993 caetera
1423 961 1580 995 iusticiae
1613 962 1725 994 officia
1752 961 1856 1001 oriri,
1889 961 1989 995 sacile
2014 963 2164 1006 intelligi

1176 1017 1302 1054 potest.

1278 1083 1345 1118 Sed
1363 1084 1445 1129 quia
1461 1085 1634 1119 falluntur
1648 1085 1826 1119 interdum
1844 1082 2007 1119 homines
2022 1087 2058 1119 in
2077 1099 2163 1120 con·

1175 1135 1329 1167 serendis
1346 1135 1562 1179 aequalibus,
1587 1143 1626 1169 ut
1642 1134 1754 1181 Cyrus
1773 1136 1977 1177 fallebatur,
2004 1138 2065 1182 qui
2085 1138 2163 1170 lon-

1175 1185 1308 1227 giorem
1327 1185 1480 1218 tunicam
1498 1193 1649 1229 ereptam
1667 1187 1785 1227 alteri,
1812 1187 2026 1221 attribuebat
2042 1200 2163 1231 proce-

1176 1235 1261 1268 riori
1292 1235 1449 1279 corpori,
1487 1237 1637 1269 addatur
1666 1236 1702 1268 in
1735 1237 1956 1275 definitione,
1989 1238 2161 1271 iusticiam

1176 1297 1248 1318 esse
1271 1286 1573 1319 conservationem
1603 1286 1822 1331 aequalitatis
1853 1287 2044 1323 ordinatae.
2107 1287 2162 1322 Sit

1176 1336 1229 1368 lex
1261 1336 1400 1375 divina,
1432 1348 1554 1369 norma
1587 1337 1819 1382 aequalitatis,
1875 1336 1970 1370 Haec
1999 1339 2164 1380 ostendit,

1176 1398 1264 1431 quae
1287 1397 1341 1418 res
1364 1387 1615 1420 communicari
1632 1387 1785 1431 possint,
1813 1389 1991 1432 quomodo
2011 1389 2048 1421 in
2065 1400 2163 1422 com—

1175 1437 1414 1470 municatione
1433 1437 1614 1470 efficienda
1637 1438 1681 1471 sit
1703 1438 1902 1483 aequalitas
1958 1438 2075 1472 Sumit
2088 1450 2162 1472 em-

1176 1494 1256 1530 ptor
1270 1487 1313 1519 ab
1328 1487 1491 1530 Agricola
1510 1489 1739 1523 frumentum.
1791 1487 1870 1521 Non
1888 1489 2039 1532 postulet
2058 1489 2162 1521 vicis-

1175 1538 1239 1570 sim
1256 1537 1322 1569 sibi
1338 1537 1412 1570 dari
1431 1539 1474 1569 ab
1491 1545 1646 1581 emptore
1666 1538 1848 1581 coniugem
1866 1545 1924 1572 aut
1947 1539 2074 1578 filiam,
2101 1540 2163 1572 sed

1176 1600 1247 1620 rem
1274 1600 1362 1631 quae
1387 1588 1638 1621 communicari
1661 1594 1786 1632 potest.
1839 1586 1885 1622 Et
1902 1589 1959 1622 fiat
1979 1589 2162 1634 exequatio

1175 1638 1337 1672 ordinata
1359 1638 1504 1680 legibus.
1558 1637 1606 1671 Ita
1633 1639 1675 1671 sit
1700 1639 1850 1679 iustum,
1878 1639 1960 1673 ἴσον
1985 1636 2159 1683 νόμιμον,

1175 1700 1246 1721 non
1268 1689 1459 1732 aequalitas
1485 1688 1675 1732 cupiditate
1698 1689 1884 1722 aestimata.
1937 1688 2018 1722 Non
2046 1690 2162 1722 nomi-

1174 1746 1278 1771 netur
1307 1739 1516 1783 aequalitas,
1559 1751 1678 1783 rapere
1707 1740 1838 1772 alienas
1867 1740 2066 1779 facultates,
2102 1746 2163 1773 aut

1175 1789 1357 1831 coniuges,
1390 1796 1429 1822 ut
1453 1789 1595 1822 fanatici
1619 1787 1780 1822 homines
1806 1790 1963 1822 furenter
1987 1790 2161 1834 interpre-

1175 1839 1234 1872 tati
1252 1846 1344 1872 sunt.
1399 1839 1486 1872 Vult
1499 1838 1594 1872 Deus
1610 1847 1643 1873 te
1660 1839 1838 1884 aequalem
1859 1851 1932 1872 esse
1945 1840 2039 1881 aliis,
2071 1852 2160 1884 quo-

1173 1890 1304 1923 modo'?
1336 1889 1516 1923 servandis
1546 1891 1643 1930 aliis,
1677 1896 1711 1923 et
1733 1891 1769 1922 in
1794 1902 1834 1922 eo
1864 1891 1989 1923 ordine
2017 1891 2161 1929 tuendo,

1174 1952 1277 1985 quem
1296 1947 1434 1972 aeterna
1453 1948 1485 1974 et
1503 1940 1713 1973 immutabili
1731 1940 1898 1984 sapientia
1916 1941 2040 1974 sanxit.
2074 1939 2161 1974 Vult

1173 1990 1325 2034 intelligi
1347 1990 1520 2024 iusticiam
1545 1998 1577 2025 et
1603 1991 1689 2024 alias
1715 1991 1859 2024 virtutes
1884 1991 1918 2022 in
1945 2002 2069 2034 genere
2090 1988 2160 2024 hu-

1174 2053 1295 2081 mano,
1320 2048 1352 2074 et
1376 2039 1522 2074 honesta
1542 2049 1573 2075 et
1596 2042 1711 2085 turpia
1730 2047 1872 2074 aeterno
1893 2047 1925 2074 et
1946 2041 2160 2074 immutabili

1173 2091 1358 2125 intervallo
1384 2092 1538 2124 seiuncta
1567 2103 1656 2130 esse,
1684 2091 1869 2135 praecipue
1893 2088 1984 2124 hanc
2009 2092 2054 2124 ob
2077 2103 2160 2124 cau-

1173 2152 1265 2182 sam,
1292 2147 1330 2175 ut
1346 2141 1458 2184 ipsum
1480 2141 1608 2182 Deum,
1634 2142 1767 2175 fontem
1785 2141 1978 2185 sapientiae
1998 2149 2031 2176 et
2047 2142 2160 2175 virtu—

1173 2198 1246 2224 tum
1265 2203 1501 2235 agnoscamus.

1275 2267 1393 2309 Quare
1422 2267 1457 2299 in
1485 2267 1655 2299 virtutum
1679 2265 1992 2309 descriptionibus,
2028 2277 2100 2301 non
2124 2275 2161 2301 ut

1173 2317 1339 2362 Epicurei
1363 2324 1498 2351 tantum
1516 2327 1740 2361 quaeramus,
1768 2328 1856 2360 quae
1881 2327 1934 2349 res
1952 2314 2034 2350 liuic
2052 2325 2160 2352 mate-

1174 2370 1246 2402 riae
1264 2380 1450 2411 corporum
1470 2377 1591 2400 suaves
1606 2366 1692 2405 sint,
1719 2367 1778 2398 sed
1801 2366 1905 2399 etiam
1923 2367 2083 2400 ordinem
2104 2369 2159 2401 in-

1174 2427 1334 2453 tueamur
1352 2418 1387 2450 in
1406 2418 1539 2461 legibus
1557 2416 1773 2460 propositum
1787 2443 1795 2456 ‚
1822 2428 1924 2461 quem
1943 2417 2090 2450 sciamus
2109 2426 2160 2452 te-

1174 2469 1379 2504 stimonium
1398 2480 1469 2501 esse
1489 2469 1531 2500 de
1548 2465 1634 2500 Deo.
1686 2465 1781 2499 Haec
1798 2467 1973 2511 copiosius
1990 2468 2160 2501 declarari

1175 2527 1327 2565 possent,
1355 2520 1413 2552 sed
1430 2519 1619 2563 prudentes
1636 2517 1859 2560 intelligunt,
1885 2529 1992 2561 quare
2009 2529 2079 2550 non
2097 2519 2159 2551 ad-

1174 2573 1254 2605 dam
1279 2571 1377 2614 plura
1400 2569 1566 2613 exempla.
1621 2567 1712 2601 Illud
1733 2574 1847 2601 autem
1868 2579 1928 2601 oro
1946 2566 2059 2600 Deum
2080 2569 2160 2601 son-

1174 2630 1241 2656 tem
1267 2621 1456 2664 sapientiae
1482 2627 1514 2653 et
1540 2619 1712 2659 iusticiam,
1735 2618 1861 2662 utipse
1879 2623 2020 2661 propter
2037 2618 2161 2660 filium,

1175 2680 1207 2707 et
1224 2684 1286 2718 per
1303 2683 1382 2706 eum
1399 2677 1537 2716 spargat
1556 2670 1593 2703 in
1616 2676 1750 2704 mentes
1769 2675 1903 2703 nostras
1920 2678 2016 2701 suam
2035 2668 2160 2710 lucem,

1467 2718 1550 2755 63·
