2338 2958
86 130 162 165 413

85 215 174 249 Nam
191 215 219 247 si
238 220 380 258 propter
394 213 551 258 inopiam
573 221 606 248 et
625 221 863 259 contemptum
882 214 1075 247 excludun-

87 273 144 299 tur
166 262 249 297 haec
271 264 405 303 studia,
441 265 645 298 excludatur
669 266 788 298 eadem
815 276 920 309 opera
949 261 1074 297 huma-

86 316 195 352 nitas,
231 315 438 349 excludatur
462 316 574 349 virtus
601 323 633 349 et
666 313 846 355 honestas,
880 326 968 360 quae
992 321 1073 348 sunt

83 366 246 398 alumnae
271 364 475 406 Musarum,
511 379 729 411 quarumque
751 377 875 409 parens
897 377 935 399 ac
958 365 1072 398 nutri—

81 415 156 448 cius
177 414 354 449 Homerus
377 423 445 455 est,
473 417 678 450 excludatur
706 417 877 462 quidquid
903 428 983 448 vere
1008 416 1072 447 bo-

81 478 178 506 num,
206 474 378 507 sanctum,
406 467 573 512 piumque
590 474 638 500 est
655 468 690 499 in
710 468 854 506 mundo,
882 464 936 498 his
953 466 1072 498 omni-

81 517 147 549 bus
183 517 275 549 enim
312 529 392 549 vere
428 515 492 550 hoc
526 515 741 564 ἐπίγραμμα
769 517 915 549 inscribi
944 523 1071 560 potest,

80 568 174 612 quod
195 567 337 611 quidam
355 569 523 601 aediculis
539 569 610 600 suis
627 567 796 611 praefixit:

143 622 225 658 οἷ’κος
248 621 299 654 ὁδ’
324 623 386 654 ἐστὶ
409 623 520 662 μικρὸς
542 622 612 654 τόδε
634 622 693 664 γὰρ
717 627 841 662 σημεῖον
863 622 990 662 ἄριστον

185 669 240 704 τῆς
264 667 367 701 πενίας
388 665 553 706 μικρότης,
578 665 633 704 τῆς
656 665 688 695 δ’
711 665 823 706 ἀρετῆς
848 666 943 696 πενία.

129 720 198 751 Non
214 729 256 751 est
271 733 376 761 magna
392 723 496 752 domus
507 746 514 759 ‚
539 722 612 762 quid
629 728 693 750 tum
705 721 719 750 ἶ)
750 724 804 751 sub
822 733 951 762 paupere
966 728 1041 751 tecto

181 771 277 812 Saepe
294 775 382 802 etiam
398 775 489 802 virtus
506 775 659 811 ingeniosa
675 775 754 802 latet.

526 828 620 864 Dixi.

897 1029 944 1049 an.
973 1018 1065 1049 1538.

888 1062 1056 1075 m

76 1014 140 1048 No.
157 1014 217 1051 54.

415 1113 488 1153 De
519 1112 725 1153 Platone.

143 1198 222 1232 Apud
241 1197 351 1224 Craton.
373 1197 443 1231 Myl.
465 1206 490 1231 p.
503 1198 553 1223 ‘265
567 1207 640 1232 sqq.,
665 1197 692 1222 in
713 1198 833 1223 Declam.
853 1199 886 1223 T.
903 1198 934 1224 ll.
954 1207 978 1232 p.
994 1199 1063 1230 358„

176 1232 203 1257 in
217 1234 336 1258 Set-vest.
350 1232 382 1259 T.
397 1233 429 1259 ll.
446 1243 470 1266 p.
480 1232 540 1257 347.
559 1237 584 1257 et
598 1233 667 1265 apud
685 1232 811 1258 Richard.
826 1232 857 1259 T.
871 1233 891 1258 l.
911 1241 936 1266 p.
953 1235 1011 1260 517.
1030 1249 1064 1253 —

177 1267 220 1294 Cf.
237 1268 303 1301 Epp.
319 1267 381 1294 Vol.
397 1267 442 1293 ΙΙΙ.
459 1277 484 1301 p.
498 1266 555 1292 596.
569 1266 666 1292 21598.

75 1348 202 1381 Oratio
219 1347 270 1384 de
286 1347 462 1388 Platone,
490 1345 621 1379 habita
639 1357 661 1379 α
687 1346 834 1379 Caura
846 1345 898 1380 do
927 1348 1062 1393 Lago,

76 1409 161 1431 cum
188 1397 395 1431 decerneret
427 1397 578 1430 titulum
597 1399 813 1442 ssIayt'sterii
843 1396 1061 1442 qmbusdam

342 1446 543 1491 studiosis,
571 1459 667 1481 anno
687 1446 796 1483 1538.

73 1520 119 1559 In
135 1524 389 1557 deliberatione
413 1523 615 1566 gravissima
639 1523 732 1566 apud
753 1520 988 1568 Thucydiden
1008 1525 1063 1557 in-

75 1575 151 1620 quit
166 1587 223 1607 rex
241 1576 433 1618 Spartanus
452 1571 706 1613 Archidamus,
733 1571 822 1607 hanc
839 1585 911 1607 esse
931 1575 1062 1618 patriae

75 1626 318 1669 disciplinam,
346 1631 384 1657 ut
407 1624 499 1657 cives
517 1635 590 1656 non
613 1624 777 1658 studeant
796 1623 986 1658 calliditate
1012 1626 1061 1657 le-

73 1687 149 1719 ges,
180 1682 241 1709 aut
264 1675 404 1708 vincere
428 1681 488 1708 aut
512 1674 740 1715 labefactare,
775 1676 834 1708 sed
859 1675 934 1708 sine
954 1676 1062 1718 tergi-

73 1727 270 1760 versatione
286 1727 540 1769 obtemperent.
573 1722 747 1759 Existimo
763 1732 879 1758 autem
895 1738 968 1759 non
984 1733 1062 1759 tan-

71 1784 148 1811 tum
168 1776 476 1813 Lacaedemoniis,
501 1776 563 1808 sed
579 1776 745 1809 omnibus
764 1776 964 1809 civitatibus
981 1777 1061 1810 ubi-

72 1840 140 1873 que
162 1834 354 1867 terrarum,
382 1827 497 1869 legum
521 1826 753 1859 reverentiam
772 1827 958 1860 salutarem
979 1839 1061 1862 esse.

74 1878 180 1922 Quod
204 1889 282 1911 cum
307 1878 354 1911 ita
378 1877 438 1917 sit,
466 1883 498 1909 et
523 1873 611 1908 mihi
635 1882 667 1909 et
686 1876 786 1910 vobis
808 1874 993 1910 honestum
1011 1884 1060 1910 est

75 1929 165 1964 tueri
198 1929 326 1971 gradus
352 1928 390 1960 in
424 1925 553 1960 scholis
586 1926 813 1967 constitutos,
847 1934 886 1961 ut
913 1928 1060 1971 legibus,

73 1991 163 2025 quae
179 1991 252 2012 non
271 1979 346 2012 sine
366 1978 463 2022 gravi
487 1989 589 2011 causa
607 1977 710 2010 nobis
730 1989 749 2010 a
774 1978 969 2011 maioribus
989 1985 1061 2012 tra-

73 2031 166 2064 ditae
181 2037 281 2070 sunt,
309 2040 502 2073 pareamus.
553 2027 673 2070 Quare
689 2034 721 2061 et
737 2034 889 2062 vestrum
906 2029 1061 2063 officium

75 2082 198 2121 laudo,
224 2081 320 2126 quod
338 2080 470 2124 publici
487 2078 595 2112 moris
615 2079 848 2111 conservandi
869 2091 970 2112 causa
992 2077 1061 2113 huc

73 2131 297 2172 convenistis,
313 2138 345 2164 et
356 2138 446 2175 pet0,
462 2138 500 2164 ut
516 2141 628 2162 meam
644 2129 840 2162 orationem
856 2141 967 2175 aequo
983 2131 1062 2163 ani-

74 2194 131 2216 mo
150 2183 320 2222 audiatis,
346 2181 550 2226 praesertim
565 2192 644 2213 cum
661 2191 732 2212 non
748 2181 956 2224 sumpserim
973 2179 1062 2214 mihi

74 2231 138 2266 has
155 2239 269 2276 partes
284 2233 416 2275 ingenii
434 2231 573 2271 fiducia,
590 2231 649 2264 sed
666 2231 904 2264 necessitatem
921 2232 1062 2265 dicendi

73 2281 142 2317 hoc
165 2284 242 2317 loco
263 2283 367 2317 nobis
388 2284 548 2327 imponat
569 2281 675 2315 officii
691 2281 790 2315 ratio.
832 2280 956 2315 Nescio
973 2295 1062 2327 quo-

75 2335 182 2368 modo
198 2334 258 2367 alii
274 2334 345 2368 sint
359 2333 487 2374 affecti,
509 2334 570 2366 sed
584 2333 628 2365 de
645 2343 723 2364 meo
741 2331 860 2365 animo
878 2329 945 2365 hoc
961 2345 1062 2377 prae-

73 2385 191 2419 dicare
207 2397 365 2429 possum,
393 2381 458 2417 hos
477 2390 595 2417 coetus
609 2380 834 2416 scholasticos
851 2389 883 2416 et
899 2395 1062 2426 congres-

73 2447 132 2470 sus
154 2443 294 2470 nostros
319 2433 410 2468 mihi
439 2434 560 2468 multis
581 2435 624 2466 de
648 2433 760 2466 causis
791 2433 1062 2468 iucundissimos

74 2498 158 2523 esse.
201 2485 302 2521 Iuvat
318 2486 413 2519 enim
430 2485 550 2518 videre
566 2482 649 2517 haec
666 2484 764 2529 quasi
787 2484 956 2528 praesidia
975 2483 1062 2519 Rei-

75 2538 158 2583 pub.
175 2538 339 2571 videlicet
357 2548 436 2570 cum
455 2536 605 2569 maiores
620 2541 722 2575 natu,
749 2535 810 2580 qui
829 2535 896 2567 iam
914 2536 1062 2569 consilio

75 2596 109 2622 et
124 2589 309 2622 autoritate
325 2600 385 2622 sua
404 2593 529 2630 regunt
543 2585 720 2628 Rempub.
737 2592 811 2619 tum
830 2583 925 2618 hunc
940 2586 1062 2619 florem

75 2640 287 2679 iuventutis,
329 2650 418 2684 quac
452 2637 691 2682 posteritatem
723 2636 961 2680 gubernatura
995 2643 1061 2671 est:

73 2690 131 2725 cui
147 2691 185 2724 in
201 2688 257 2724 his
277 2689 521 2733 congressibus
539 2688 628 2721 bene
653 2687 787 2732 precari
809 2687 996 2726 debemus,
1023 2700 1062 2721 ac

809 127 967 164 DECL.
1009 125 1081 162 DE
1114 125 1401 163 PLATOMJ.

2043 133 2117 168 414

1126 218 1205 244 vota
1228 212 1356 252 facere,
1384 219 1421 245 ut
1446 211 1540 246 Deus
1567 211 1649 247 haec
1678 221 1882 248 ornamenta
1900 216 2007 255 vitae,
2036 217 2113 251 lite-

1125 273 1198 301 ras,
1225 262 1333 304 leges‚
1361 263 1566 305 religionem
1585 272 1776 300 conservet.
1831 265 1937 299 Venit
1955 267 2055 300 etiam
2076 269 2111 301 in

1124 318 1296 352 mentem,
1324 324 1402 345 cum
1427 315 1584 355 omnium
1610 316 1876 358 disciplinarum
1902 318 2112 360 professores

1124 363 1282 403 intueor,
1310 370 1481 407 quantum
1507 365 1596 398 vitae
1614 366 1718 398 decus
1735 366 1796 405 sit,
1826 368 1959 410 integer
1982 368 2110 401 artium

1123 411 1265 446 chorus.
1320 414 1438 456 Quare
1465 411 1530 447 hos
1557 422 1672 448 coetus
1703 417 1747 449 ita
1780 418 2008 451 celebrandos
2040 430 2110 451 esse

1123 464 1403 504 meminerimus,
1437 471 1477 497 ut
1513 476 1574 497 nos
1599 466 1642 497 de
1673 467 1881 501 coelestibus
1910 469 2032 508 donis,
2067 471 2110 502 de

1122 513 1272 557 Repub„
1298 515 1340 547 de
1360 521 1479 547 nostro
1493 515 1607 547 officio
1627 517 1848 553 admoneant.
1879 519 1974 561 Quid
1993 526 2108 552 autem

1121 565 1230 607 magis
1247 566 1344 598 decet
1362 565 1399 597 in
1422 566 1617 610 frequentia
1635 567 1837 608 doctorum,
1865 582 1968 614 quam
1986 571 2027 603 de
2046 571 2109 603 bo-

1120 616 1175 648 nis
1192 616 1294 648 rebus
1312 616 1427 648 dicere
1443 628 1481 648 ac
1497 617 1617 649 audire
1634 617 1766 661 aliquid
1778 618 1793 649 '.'
1819 620 1938 663 quain
1956 632 2001 659 re,
2027 620 2108 664 quia

1120 666 1188 698 mei
1215 667 1371 698 muneris
1390 667 1477 699 ratio
1504 667 1675 710 postulat,
1703 674 1740 700 nt
1759 665 1815 700 hic
1833 673 2026 702 orationem
2046 669 2109 703 ha-

1119 717 1237 757 beam,
1273 717 1373 749 valde
1397 717 1547 761 optarim
1574 730 1628 749 me
1653 729 1749 761 posse
1774 720 1874 752 vobis
1900 721 2106 755 satisfacere.

1119 767 1186 799 Sed
1212 779 1362 811 aequum
1387 775 1455 807 est,
1484 780 1544 800 vos
1569 769 1651 800 dare
1678 769 1814 801 veniam
1837 770 2053 811 dicentibus,
2079 771 2108 804 si

1118 825 1234 850 tamen
1251 819 1333 851 dent
1349 830 1490 862 operam
1507 825 1543 850 ut
1563 820 1728 862 probetur
1745 820 1842 852 vobis
1860 821 2013 863 ipsorum
2032 829 2106 854 stu-

1118 869 1236 906 dium,
1263 876 1294 901 et
1318 876 1353 902 ut
1376 876 1577 910 argumenta
1601 871 1759 902 adferant
1785 867 1927 904 honesta
1947 883 1985 904 ac
2004 869 2105 904 scho-

1118 919 1245 952 lasticis
1261 919 1371 954 utilia.
1407 918 1518 951 Porro
1535 932 1743 962 magnopere
1763 922 1902 964 prodest
1920 922 2104 954 doctorum

1118 976 1149 1002 et
1168 970 1410 1002 excellentium
1435 969 1593 1001 virorum
1618 968 1781 1003 historias
1808 978 1945 1011 tenere,
1974 984 2053 1004 nam
2073 979 2106 1005 et

1118 1020 1272 1062 exempla
1291 1032 1422 1059 eorum,
1451 1032 1488 1052 ac
1506 1019 1658 1062 pericula
1679 1027 1710 1053 et
1731 1021 1815 1053 varii
1833 1029 1977 1054 eventus
1996 1022 2104 1055 multa

1119 1083 1182 1103 nos
1214 1077 1377 1111 monent,
1410 1071 1452 1102 de
1481 1070 1551 1102 vita
1582 1078 1615 1103 et
1642 1072 1818 1111 moribus,
1853 1079 1885 1104 et
1921 1073 2106 1116 opiniones

1117 1133 1236 1154 eorum
1263 1121 1417 1153 formant
1438 1121 1566 1153 iudicia
1585 1121 1803 1155 discentium.
1859 1122 1975 1155 Probo
2000 1123 2106 1165 igitur

1117 1171 1304 1205 consilium
1330 1172 1490 1211 illorum,
1526 1171 1585 1215 qui
1613 1180 1713 1205 antea
1740 1170 1796 1205 hic
1821 1173 2104 1207 doctissimorum

1116 1221 1302 1255 hominum
1322 1219 1486 1255 historias
1504 1222 1704 1256 recitarunt.
1743 1221 1787 1256 Et
1806 1230 1843 1256 ut
1859 1221 1922 1256 hos
1938 1223 2105 1264 imitarer,

1116 1273 1310 1305 orationem
1328 1273 1370 1305 de
1387 1272 1532 1305 Platone
1549 1272 1702 1313 institui,
1730 1274 1828 1306 cuius
1844 1274 1975 1315 studia,
2003 1286 2103 1318 pere-

1115 1323 1351 1366 grinationes,
1394 1323 1540 1355 consilia
1572 1323 1608 1355 in
1633 1322 1771 1366 Repul».
1803 1336 1904 1357 nosse
1930 1331 1962 1357 et
1986 1325 2103 1369 aliquo

1116 1374 1221 1406 modo
1247 1373 1385 1413 videre,
1413 1373 1515 1417 quale
1539 1373 1583 1406 sit
1608 1385 1715 1415 genus
1734 1371 1984 1418 Philosophiae
2009 1376 2103 1420 quod

1117 1430 1258 1464 tractat,
1286 1431 1318 1457 et
1335 1423 1419 1468 quid
1438 1423 1599 1456 utIIitatis
1616 1424 1747 1456 adferat
1766 1425 1992 1464 discentibus,
2021 1437 2104 1469 pro-

1116 1475 1204 1507 secto
1227 1474 1377 1506 multum
1403 1475 1554 1517 prodest.
1608 1472 1780 1507 Omittam
1805 1482 1920 1508 autem
1946 1475 2005 1508 illa
2025 1476 2103 1508 vul-

1115 1524 1206 1567 garia
1226 1524 1396 1561 encomia,
1423 1536 1510 1568 quae
1525 1535 1542 1556 a
1560 1525 1695 1566 generis
1712 1525 1907 1566 nobilitate,
1933 1533 1992 1560 aut
2007 1538 2024 1559 a
2042 1538 2103 1570 pa-

1117 1575 1202 1607 triae
1226 1571 1392 1606 charitate
1419 1581 1616 1607 sumuntur.
1669 1574 1758 1607 Nam
1781 1588 1858 1608 cum
1882 1573 1966 1609 haec
1992 1577 2103 1609 oratio

1117 1623 1287 1658 habeatur
1312 1625 1353 1657 ad
1383 1625 1568 1658 utilitatem
1593 1625 1822 1664 discentium,
1856 1627 1899 1659 de
1922 1627 2103 1660 doctrinae

1115 1687 1239 1718 genere
1256 1675 1426 1718 prolixius
1448 1675 1636 1708 dicendum
1657 1676 1732 1709 erit.
1785 1675 1854 1709 Sed
1872 1677 1979 1710 vitam
2003 1684 2102 1710 antea

1115 1726 1267 1759 breviter
1283 1738 1469 1768 exponam:
1494 1725 1604 1758 Natus
1620 1733 1670 1759 est
1689 1725 1787 1759 Plato
1800 1724 1961 1767 Athenis,
1982 1739 2102 1760 mense

1115 1776 1247 1809 Martio
1271 1788 1311 1808 eo
1330 1787 1442 1816 anno,
1471 1788 1540 1819 quo
1560 1777 1614 1808 vir
1630 1777 1936 1820 eloquentissimus
1951 1776 2102 1810 Pericles

1113 1834 1273 1860 mortuus
1296 1834 1365 1864 est,
1401 1837 1440 1859 ac
1467 1827 1534 1859 fuit
1559 1826 1587 1858 is
1603 1838 1716 1858 annus
1735 1827 1858 1859 tertius
1874 1828 2101 1860 funestissimi

1114 1877 1219 1917 belli,
1256 1877 1350 1921 quod
1379 1877 1470 1909 inter
1497 1888 1531 1908 se
1560 1876 1714 1909 Graecae
1741 1877 1897 1910 civitates
1923 1878 2102 1922 gerebant,

1114 1929 1208 1973 quod
1235 1927 1573 1970 Peloponnesiacum
1595 1927 1736 1961 dicitur.
1790 1927 1954 1961 Materno
1979 1940 2103 1971 genere

1115 1992 1132 2011 a
1147 1979 1279 2012 Solone
1294 1984 1391 2010 ortus
1409 1984 1470 2011 est.
1518 1976 1775 2010 Patrimonium
1793 1975 1916 2011 habuit
1934 1979 2101 2022 amplum,

1114 2041 1222 2074 quare
1244 2028 1438 2061 liberaliter
1460 2027 1640 2060 institutus
1660 2036 1728 2067 est,
1759 2040 1796 2060 ac
1814 2028 1950 2066 literas,
1978 2027 2101 2061 Arith-

1115 2080 1263 2112 meticen
1300 2086 1331 2112 et
1356 2078 1596 2111 (Jeometriam
1621 2078 1820 2111 adolescens
1848 2079 1988 2111 didicit:
2020 2091 2100 2112 nam

1113 2128 1177 2163 hae
1202 2137 1291 2162 artes
1315 2127 1465 2162 Athenis
1489 2128 1719 2161 tradebantur
1744 2129 1846 2161 initio
1874 2130 2001 2173 pueris,
2055 2128 2101 2163 Et

1114 2181 1196 2226 quia
1221 2180 1362 2223 ingenio
1381 2179 1535 2218 valebat,
1562 2179 1697 2222 scripsit
1713 2178 1875 2212 Poemata
1894 2186 1925 2212 et
1946 2179 2101 2223 Tragoe-
2148 2204 2153 2207 -

1114 2232 1207 2271 dias,
1241 2229 1425 2274 Euripidis
1452 2229 1685 2262 admiratione
1712 2229 1901 2272 excitatus,
1944 2231 1999 2263 cui
2028 2238 2101 2264 erat

1113 2281 1312 2315 familiaris:
1351 2280 1476 2313 incidit
1505 2279 1599 2312 enirn
1624 2280 1856 2313 adolescentia
1880 2279 2039 2314 Platonis
2063 2281 2100 2313 in

1114 2340 1250 2376 tempus
1266 2331 1428 2371 civitatis,
1449 2341 1522 2363 non
1541 2330 1682 2374 quidem
1700 2331 1951 2375 tranquillum,
1972 2332 2031 2364 sed
2051 2338 2101 2364 ta-

1112 2395 1194 2416 men
1212 2394 1284 2415 non
1302 2381 1411 2415 triste.
1466 2380 1678 2425 Quanquam
1696 2381 1788 2413 enim
1807 2381 1907 2414 initia
1924 2381 2006 2414 belli
2025 2382 2100 2415 fue-

1113 2441 1191 2467 rant
1209 2432 1423 2476 inauspicata
1435 2458 1444 2472 ‚
1470 2438 1502 2465 et
1519 2442 1664 2474 magnae
1682 2431 1797 2464 clades
1815 2438 1913 2465 erant
1930 2439 2098 2476 acceptae,

1113 2492 1229 2518 tamen
1253 2490 1370 2528 postea
1395 2493 1507 2515 annos
1527 2481 1664 2515 circiter
1681 2481 1806 2524 viginti
1827 2482 1956 2517 multae
1976 2495 2029 2515 res
2047 2494 2099 2515 sc-

1113 2536 1248 2569 cundae
1283 2539 1488 2567 consecutae
1527 2532 1653 2565 iterum
1691 2539 1875 2566 erexerunt
1911 2533 2097 2566 civitatem.

1113 2585 1235 2619 Postea
1253 2596 1333 2618 cum
1356 2590 1448 2617 aetas
1466 2582 1623 2617 Platonis
1648 2595 1736 2627 pene
1755 2590 1888 2616 matura
1913 2590 2015 2619 esset,
2044 2582 2097 2614 vel

1112 2637 1277 2677 militiae,
1303 2635 1358 2667 vel
1381 2634 1544 2668 civilibus
1566 2634 1790 2674 muneribus,
1818 2634 1955 2666 fortuna
1975 2632 2098 2665 civita-

1112 2688 1156 2722 tis
1179 2693 1312 2722 mutata
1336 2685 1490 2726 obstitit,
1524 2697 1594 2730 quo
1618 2685 1734 2717 minus
1756 2685 1800 2717 ad
1827 2682 2097 2726 Rempublicam
