2338 2958
206 148 282 184 907

208 231 330 268 Nobae
364 231 402 264 in
437 227 587 263 diluvio.
652 222 702 256 lta
736 220 860 255 servati
897 226 978 253 sunt
1007 217 1199 259 Israelitae,

209 291 339 320 stantes
355 284 447 315 inter
463 279 640 311 undarum
656 280 793 306 montes
809 272 845 305 in
861 270 949 303 mari
967 270 1089 303 rubro.

312 334 407 368 Haec
440 327 590 362 illustria
625 324 779 368 exempla
812 321 988 367 proposita
1025 326 1125 361 sunt,
1161 326 1202 353 ut

209 398 310 431 saepe
332 383 397 418 hoc
419 380 525 414 modo
550 375 743 412 Ecclesiam
765 374 841 407 sine
864 373 936 407 ulla
960 378 1200 404 creaturarum

209 451 275 483 ope
291 432 421 469 servari
438 430 598 464 sciamus.
649 425 696 460 Et
711 425 813 459 multi
833 424 871 457 in
889 422 1043 468 propriis
1062 422 1202 467 pericu-

210 491 253 524 lis
276 487 360 520 tales
385 481 610 516 liberationes
636 478 775 511 divinas
796 475 962 509 omnibus
983 473 1201 517 temporibus

210 537 454 583 experiuntur,
481 537 520 565 ut
537 529 651 566 David
674 528 807 573 inquit:
835 527 938 559 Pater
958 531 992 558 et
1011 531 1122 557 mater
1140 524 1203 557 de-

208 591 431 634 reliquerunt
446 595 519 623 me,
547 580 720 616 Dominus
736 586 851 612 autem
869 576 1020 620 suscepit
1036 587 1103 610 me.
1155 572 1203 607 Et

208 640 295 676 alibi
328 635 445 683 inquit
475 633 653 668 Psalmus:
693 629 873 665 Liberavit
905 638 1111 671 pauperem,
1146 637 1202 658 cui

209 704 284 726 non
302 683 375 723 erat
393 687 545 721 adiutor.
1151 727 1158 734 .

313 739 363 775 Ut
378 745 493 772 autem
514 734 598 768 haec
613 739 709 768 tanta
729 732 820 765 bona
840 730 1078 775 experiamur,
1105 739 1204 772 prius

208 795 312 828 fidem
335 798 368 824 et
394 787 653 823 invocationem
685 784 721 815 in
748 781 852 815 nobis
879 780 1021 814 accendi
1051 784 1203 823 oportet,

209 846 299 879 sicut
315 842 482 886 scriptum
501 844 565 871 est:
595 834 709 869 Amen
727 833 805 866 dico
825 833 937 867 vobis.
982 831 1039 865 Sic
1059 836 1092 864 et
1106 842 1205 863 exer-

210 895 319 930 cenda
345 893 448 929 fides,
485 895 523 922 ut
547 893 626 920 ante
653 884 899 918 liberationem
924 890 957 916 et
983 889 1078 926 petat
1094 887 1126 914 et
1145 892 1203 913 ex-

209 953 323 992 pectet
349 941 540 978 auxilium,
572 945 605 972 et
632 937 784 982 quadam
810 934 1067 979 tranquillitate
1094 931 1203 965 animi

211 997 408 1043 acquiescat
434 993 472 1025 in
495 989 589 1029 Deo,
624 999 688 1021 nec
713 986 803 1019 tristi
827 986 970 1018 fremitu
996 982 1138 1017 haereat
1167 982 1203 1014 in

211 1049 316 1083 corde
334 1051 499 1091 perpetua
516 1039 724 1076 diffidentia,
752 1049 790 1070 ac
809 1048 945 1080 semper
965 1036 1001 1068 in
1017 1040 1204 1078 conspectu

212 1100 256 1133 sit
272 1096 358 1132 haec
376 1093 590 1128 admonitio:
619 1090 687 1123 Pax
699 1087 762 1122 Dei
783 1099 952 1132 superans
967 1098 1108 1120 ornnem
1125 1097 1206 1117 sen-

211 1162 301 1188 sum,
319 1145 492 1182 custodiat
509 1143 614 1176 corda
631 1148 757 1180 vestra,
773 1139 807 1171 id
827 1145 892 1171 est:
922 1138 980 1171 Sic
998 1136 1206 1182 acquiescite

212 1203 249 1235 in
267 1200 342 1235 Deo
359 1199 451 1231 inter
475 1193 647 1239 pericula,
681 1198 720 1224 ut
737 1189 846 1223 animi
865 1188 1062 1222 confirmati
1080 1186 1206 1220 fiducia

212 1247 475 1286 misericordiae
492 1252 524 1278 et
541 1242 756 1289 praesentiae
771 1240 848 1280 Dei,
874 1239 1010 1283 placide
1028 1243 1208 1282 expectent

213 1303 384 1338 auxilium
403 1305 435 1332 et
455 1295 721 1332 liberationem,
748 1298 780 1324 et
805 1291 979 1325 retineant
1004 1287 1209 1334 tranquilli-

213 1361 340 1390 tatem,
375 1360 463 1395 quae
489 1346 630 1380 initium
661 1350 713 1377 est
739 1343 832 1376 vitae
858 1349 1037 1382 aeternae,
1072 1347 1105 1373 et
1133 1339 1208 1372 sine

214 1417 283 1451 qua
301 1414 374 1436 non
396 1405 509 1445 potest
526 1397 598 1430 fieri
619 1394 808 1429 invocatio.

317 1454 405 1488 Nam
436 1447 632 1484 diffidentia
660 1446 771 1479 adfert
797 1444 894 1478 triste
926 1449 960 1476 et
989 1440 1209 1476 horrendum

215 1507 337 1542 odium
356 1505 523 1537 adversus
544 1499 673 1536 Deum,
702 1498 795 1541 qnod
817 1495 958 1529 initium
978 1500 1029 1527 est
1047 1500 1210 1527 aeterno-

215 1570 293 1593 rum
313 1555 530 1589 cruciatuum
543 1578 551 1591 ,
589 1557 621 1583 et
640 1548 755 1582 rabies
773 1546 898 1580 similis
917 1545 1123 1580 diabolicae.

318 1607 394 1641 Hos
411 1603 508 1650 quasi
528 1602 655 1634 fluctus
674 1599 894 1636 animorum,
924 1604 955 1629 et
975 1594 1037 1628 has
1055 1602 1210 1628 conster-

216 1660 377 1695 nationes
393 1653 591 1701 prospicere
606 1663 666 1683 vos
681 1651 748 1682 iam
766 1654 915 1692 oportet,
938 1653 968 1679 et
987 1646 1212 1690 praemunire

218 1719 251 1745 et
277 1709 484 1743 confirmare
507 1710 644 1747 pectora
665 1701 875 1742 cogitatione
895 1698 1097 1730 divinarum
1126 1708 1212 1730 con-

219 1761 451 1797 solationum,
476 1762 508 1788 et
526 1754 664 1786 assidua
684 1750 918 1784 invocatione,

323 1809 484 1844 Profecto
509 1803 592 1838 baec
616 1811 770 1846 tempora
800 1813 871 1833 non
895 1800 1093 1831 concedunt
1111 1797 1214 1830 nobis

220 1865 383 1899 usitatam
409 1857 630 1892 securitatem
655 1860 688 1887 et
713 1851 969 1886 temulentiam:
1007 1852 1064 1882 sed
1093 1857 1213 1893 postu-

221 1917 318 1954 lant,
346 1918 383 1944 nt
401 1909 492 1942 veris
515 1905 704 1949 gemitibus
729 1903 898 1936 auxilium
920 1908 1098 1945 petamus,
1125 1899 1215 1932 sicut

220 1965 398 2001 Dominus
431 1959 562 2004 inquit:
603 1956 752 1999 vigitate
787 1961 820 1987 et
846 1960 960 1992 orate,
994 1964 1037 1984 ne
1074 1950 1216 1983 irruatis

224 2019 260 2050 in
284 2013 534 2050 tentationem,
563 2021 605 2041 ne
630 2007 729 2040 fracti
755 2004 1016 2049 desperatione,
1046 2001 1154 2035 ruatis
1180 2001 1215 2033 in

223 2077 402 2102 aeternum
422 2061 577 2095 exitium.

325 2114 504 2158 Sapientia
529 2109 720 2143 necessaria
749 2115 817 2146 est,
845 2113 878 2139 et
904 2105 1057 2149 pericula
1079 2104 1217 2137 animae,

226 2178 257 2203 et
276 2165 447 2212 praesidia
469 2162 675 2203 intelligere.
732 2159 880 2191 Pereunt
903 2157 1039 2189 animae
1054 2183 1062 2195 ,
1089 2163 1217 2189 etcum

226 2220 398 2264 Epicurea
418 2214 600 2248 securitate
620 2212 705 2244 iram
722 2209 785 2244 Dei
806 2214 1057 2247 contemnunt,
1084 2213 1117 2239 et
1139 2218 1217 2238 cum

227 2269 420 2304 ‹tit'fi‹t.-..·i,.
440 2268 565 2299 fractae
583 2262 835 2307 opprimuntur
850 2259 1039 2293 moesticia,
1074 2256 1117 2290 Et
1136 2255 1218 2289 baec

934 130 1094 168 DECL.
1129 129 1203 166 DE
1237 130 1504 167 LEGIBUS.

2168 133 2242 168 908

1253 226 1285 253 et
1301 230 1380 259 oro,
1407 225 1446 252 ut
1462 218 1632 251 immensa
1649 217 1888 252 misericordia
1905 225 1964 253 tua
1983 218 2087 252 nobis
2103 225 2243 264 peccata

1252 270 1422 303 remittas.
1458 267 1543 302 Tibi
1562 275 1643 302 nota
1662 275 1744 302 sunt
1761 269 1908 302 vulnera
1925 276 2055 304 nostra.
2091 269 2149 303 Tu
2166 269 2243 309 scis,

1253 333 1317 353 nos
1342 320 1378 352 in
1403 318 1469 353 hac
1491 326 1586 353 tanta
1614 319 1817 352 infirmitate
1842 320 1969 353 molem
1995 332 2244 354 aerumnarum

1253 379 1453 405 nostrarum
1476 371 1650 404 sustinere
1673 382 1745 403 non
1766 381 1875 413 posse.
1928 370 1984 404 Tu
2013 371 2120 415 igitur
2144 370 2246 405 nobis

1254 435 1355 466 opem
1380 422 1470 455 feras
1495 421 1532 454 in
1564 421 1712 466 privatis
1735 428 1767 454 et
1797 421 1947 465 publicis
1978 423 2246 457 calamitatibus.

1255 473 1311 506 Tu
1335 473 1382 506 sis
1409 473 1513 506 nobis
1538 472 1806 511 umbraculum,
1841 479 1874 505 et
1901 472 1936 504 in
1964 469 2019 505 bis
2045 473 2248 517 regionibus

1254 523 1428 558 Ecclesias
1461 531 1494 557 et
1529 535 1648 556 earum
1683 520 1833 567 hospitia
1867 530 2026 567 protegas
2060 532 2093 558 et
2121 535 2247 559 serves·

1256 575 1348 609 Dixi.

1255 761 1322 797 No.
1345 761 1427 796 116.
2087 777 2136 797 an.
2158 765 2252 798 1550.

1612 855 1687 898 De
1710 855 1902 911 legibus.

1327 941 1357 968 ln
1373 941 1464 969 select.
1479 941 1600 968 Declam.
1613 941 1646 967 Τ.
1661 941 1704 968 IV.
1722 952 1748 976 p.
1762 943 1795 968 54
1807 952 1866 978 sqq.
1876 963 1883 974 ‚
1908 941 2027 969 Servest.
2046 941 2078 968 T.
2093 941 2141 968 lv.
2163 949 2190 975 p.
2204 941 2255 974 49ἢ

1359 978 1387 1002 in
1400 976 1431 1002 T.
1445 975 1493 1002 ΙΙΙ.
1509 977 1621 1003 Ersord.
1636 977 1675 1002 lit.
1690 977 1718 1010 ff,
1729 977 1754 1002 5.
1768 982 1793 1003 et
1807 977 1879 1012 apud
1895 977 2020 1004 Richard.
2034 976 2065 1002 T.
2077 977 2108 1003 ll.
2121 986 2145 1012 p.
2155 977 2217 1004 518.

1259 1059 1388 1092 Oratio
1415 1056 1461 1091 de
1483 1056 1644 1104 legibus,
1671 1059 1836 1092 recitata
1860 1068 1884 1091 a
1910 1057 1958 1091 D.
1984 1058 2116 1092 Laur.
2143 1058 2254 1092 Lin-

1260 1109 1484 1150 demann,
1510 1111 1538 1142 Ι.
1567 1105 1609 1142 C.
1636 1111 1723 1148 (cum
1750 1112 1956 1141 decerneretur
1982 1111 2090 1151 gradus
2112 1109 2254 1142 Doctoris

1322 1162 1360 1194 D.
1378 1162 1522 1192 Michaeli
1538 1160 1678 1192 Deubero
1690 1186 1697 1200 ‚
1725 1161 1922 1202 'VVitebergae
1940 1173 2018 1192 anno
2035 1160 2205 1202 M.D.L.).

1260 1228 1385 1270 Multa
1407 1240 1489 1267 sunt
1516 1233 1715 1266 testimonia
1733 1235 1777 1267 de
1791 1232 1867 1267 Deo
1885 1231 1967 1267 huic
1983 1233 2046 1267 toti
2071 1231 2256 1268 machinae

1261 1285 1419 1325 coelesti,
1445 1290 1478 1317 et
1503 1284 1671 1317 omnibus
1696 1285 1821 1318 mundi
1847 1285 2055 1328 corporibus
2075 1285 2256 1329 impressa,

1262 1348 1352 1383 quae
1373 1341 1547 1369 testantur
1573 1332 1668 1368 hunc
1691 1336 1864 1369 mundum
1890 1347 1963 1369 non
1987 1347 2068 1369 casu
2096 1335 2258 1377 extitisse,

1263 1389 1320 1422 sed
1346 1399 1363 1420 a
1395 1393 1511 1420 mente
1541 1384 1818 1420 architectatrice
1849 1387 1936 1419 mira
1968 1393 2042 1420 arte
2073 1387 2257 1421 conditum

1263 1451 1336 1473 esse
1364 1445 1396 1472 et
1424 1437 1637 1473 conservari.
1691 1437 1761 1472 Sed
1783 1437 2025 1471 testimonium
2044 1437 2147 1471 valde
2172 1438 2257 1472 illu-

1263 1498 1332 1525 stre
1350 1496 1418 1528 est,
1445 1489 1540 1534 quod
1564 1495 1704 1522 aeterna
1725 1500 1825 1522 mens
1847 1489 2062 1523 transfundit
2086 1488 2122 1521 in
2143 1486 2259 1523 homi-

1264 1553 1325 1575 nes
1343 1552 1424 1574 suae
1443 1540 1530 1573 lucis
1546 1547 1577 1574 et
1595 1540 1786 1584 sapientiae
1805 1540 1940 1579 radios,
1967 1540 2027 1585 qui
2048 1541 2175 1575 docent
2195 1553 2260 1575 nos

1265 1600 1296 1626 et
1311 1604 1382 1625 esse
1399 1591 1528 1631 Deum,
1556 1603 1688 1624 numen
1706 1591 1919 1634 intelligens,
1946 1603 2112 1624 numeros
2131 1599 2164 1626 et
2180 1603 2260 1636 gra-

1265 1645 1330 1677 dus
1347 1654 1464 1675 rerum
1482 1642 1671 1681 ordinans,
1699 1643 1871 1682 liberum,
1899 1643 2058 1675 sanciens
2078 1643 2257 1677 actionum

1265 1693 1489 1733 discrimina,
1523 1693 1727 1725 discernens
1751 1693 1841 1725 bona
1869 1705 1886 1725 a
1906 1693 2026 1731 malis,
2053 1693 2259 1733 beneficum,

1266 1744 1429 1790 aequale,
1458 1755 1580 1784 verax,
1607 1743 1766 1776 sanciens
1783 1744 1943 1776 ordinem
1962 1743 2147 1783 castitatis,
2175 1741 2260 1779 hor-

1268 1795 1420 1830 ribiliter
1438 1795 1590 1827 irascens
1610 1795 1776 1827 omnibus
1800 1794 2069 1827 confusionibus
2092 1795 2144 1828 sni
2163 1797 2259 1829 ordi-

1269 1848 1334 1880 nis.
1390 1845 1539 1879 Monent
1563 1852 1596 1878 et
1622 1845 1674 1878 illi
1700 1845 1765 1889 ipsi
1792 1845 1881 1878 radii
1905 1845 2047 1878 divinae
2070 1845 2262 1890 sapientiae

1270 1899 1304 1931 in
1328 1897 1430 1930 nobis
1456 1897 1534 1929 ideo
1559 1893 1650 1929 hanc
1677 1896 1789 1929 lucem
1816 1896 1851 1928 in
1869 1907 1933 1929 nos
1952 1896 2162 1930 transfusam
2179 1910 2262 1940 esse,

1270 1956 1307 1982 ut
1333 1948 1551 1982 conditorem
1579 1958 1828 1990 agnoscamuS,
1855 1954 1888 1980 et
1909 1947 2037 1990 gratias
2060 1948 2089 1980 ei
2108 1960 2263 1992 agamus,

1271 2000 1331 2045 qni
1356 1999 1458 2031 nobis
1483 1999 1573 2031 bona
1608 1999 1643 2030 in
1671 1998 1746 2042 ipso
1772 2009 1907 2031 summa
1937 1998 2109 2041 impertit,
2144 2000 2264 2041 vitam,

1272 2049 1558 2092 intelligentiam,
1591 2049 1805 2088 libertatem,
1841 2049 2004 2081 noticiam
2036 2061 2262 2085 numerorum

1271 2109 1304 2136 et
1319 2101 1475 2139 ordinis,
1499 2100 1703 2133 discrimina
1722 2100 1894 2133 bonarum
1914 2107 1944 2133 et
1963 2100 2134 2133 malarum
2154 2102 2263 2136 actio-

1273 2166 1370 2186 nnm.
1425 2151 1563 2185 Deinde
1591 2151 1728 2185 addidit
1759 2151 1861 2183 etiam
1893 2151 2067 2184 societatis
2099 2149 2264 2188 honestae

1273 2204 1433 2243 vincula,
1460 2210 1490 2236 et
1512 2203 1620 2235 multa
1645 2203 1734 2236 vitae
1761 2202 1944 2246 praesidia.
2000 2200 2061 2236 Est
2088 2210 2204 2237 autem
2231 2213 2265 2240 et

1272 2256 1318 2288 ol»
1336 2253 1425 2287 banc
1448 2265 1586 2286 causatu
1611 2251 1694 2286 llaec
1713 2253 1770 2285 lux
1796 2253 1830 2285 in
1853 2254 1956 2285 {inibis
1976 2265 2137 2294 accensa,
2166 2263 2202 2290 ut
2221 2256 2265 2291 sit

227 2323 354 2356 scelera
382 2317 558 2351 cumulant
589 2326 726 2358 pon—nas.
786 2311 916 2343 Contra
943 2322 1024 2342 xero
1054 2309 1122 2352 pii,
1159 2308 1217 2352 qni
1245 2296 1247 2359 l
1274 2319 1395 2339 norma
1422 2306 1529 2343 vitae,
1557 2313 1586 2338 et
1611 2311 1806 2347 congruant
1835 2305 1942 2336 nostri
1971 2316 2084 2338 mores
2109 2318 2186 2339 cum
2210 2318 2265 2340 sa-

228 2375 294 2406 fide
320 2379 351 2403 et
379 2368 600 2401 invocatione
628 2365 765 2397 animos
789 2362 946 2403 erigunt,
983 2368 1013 2393 et
1040 2362 1081 2392 ad
1109 2359 1218 2393 Deum

228 2425 415 2458 accedunt,
443 2418 591 2451 retinent
622 2415 719 2448 initia
749 2414 837 2446 sitae
862 2420 1040 2448 aeternae,
1069 2418 1099 2444 et
1126 2409 1219 2443 miti-

229 2475 403 2517 gationem
423 2469 641 2513 publicarunt
661 2465 897 2497 calamitatuni
920 2463 1119 2506 impetrant.

331 2523 383 2557 Te
403 2522 507 2562 igitur
528 2519 573 2550 sili
593 2517 667 2554 1).·;,
699 2515 848 2549 Donnine
870 2514 942 2546 lesu
961 2512 1114 2550 Christe,
1142 2525 1221 2545 crn-

230 2577 328 2611 cifixc·
353 2587 414 2618 pro
442 2570 543 2603 nobis
572 2577 600 2600 et
627 2568 844 2603 resuscitate,
873 2565 931 2610 qui
957 2573 1024 2598 stas
1044 2565 1077 2596 in
1096 2576 1222 2596 arcano

231 2627 378 2661 consilio
404 2620 618 2656 diffinitatis„
653 2627 681 2650 et
712 2631 773 2661 pro
802 2617 904 2650 nobis
936 2616 1157 2659 interpellas,
1191 2620 1222 2647 et

232 2678 366 2711 dixisti:
396 2674 522 2706 Yenite
542 2673 582 2703 ad
603 2683 654 2701 nie
671 2681 802 2706 «nunes,
826 2669 884 2712 qni
907 2667 1072 2699 taboratis
1089 2675 1118 2700 et
1137 2678 1222 2698 one-

234 2731 297 2763 ras.
315 2729 406 2766 ostis,
432 2733 463 2759 et
482 2736 543 2765 ego
564 2722 714 2755 reficiam
734 2732 805 2755 sos,
837 2720 961 2751 invoco
982 2726 1056 2751 toto
1076 2724 1225 2761 pectore,
1250 2741 1253 2750 1

1275 2358 1404 2402 pientia
1428 2364 1459 2389 et
1486 2356 1667 2388 voluntate
1685 2354 1760 2389 Dei.
1801 2354 1849 2388 Ac
1871 2362 1907 2388 ut
1924 2355 2072 2388 sciannis
2090 2357 2180 2390 serio
2200 2355 2265 2392 boc

1274 2422 1352 2442 enin
1378 2408 1485 2444 selle,
1521 2407 1672 2439 declarat
1706 2407 1792 2438 iram
1823 2407 1988 2439 adsersus
2015 2409 2265 2443 conturbantes

1276 2458 1368 2492 bunc
1396 2459 1557 2492 ordinem
1587 2456 1819 2490 horribilibus
1849 2458 1981 2501 poenis.
2038 2457 2265 2493 Manifestum

1275 2518 1320 2543 est
1341 2511 1453 2548 enim,
1480 2509 1635 2552 pollutos
1652 2509 1830 2541 atrocibns
1847 2509 2037 2541 sceleribus
2052 2522 2173 2542 omnes
2190 2519 2267 2544 tan-

1275 2563 1354 2593 dem
1372 2561 1548 2594 atrocibus
1567 2560 1734 2603 exemplis
1753 2572 1882 2603 poenas
1900 2560 2004 2594 luere.
2045 2558 2084 2592 Et
2104 2558 2160 2594 bic
2179 2564 2267 2597 ordo

1278 2621 1311 2645 nt
1333 2620 1509 2648 servetur,
1539 2611 1684 2654 imperia
1712 2611 1870 2644 instituta
1889 2617 1988 2652 sunt,
2014 2623 2102 2655 quae
2119 2613 2192 2646 vult
2210 2626 2266 2647 50-

1278 2676 1361 2696 nare
1377 2676 1472 2696 snam
1491 2663 1697 2706 sapientiam
1715 2663 1750 2694 in
1766 2673 1891 2705 genere
1909 2659 2074 2698 hnmano,
2093 2671 2123 2696 et
2143 2665 2268 2707 ρυηὶτρ

1278 2722 1510 2749 emitum-aces.
1566 2714 1668 2747 lianc
1694 2725 1811 2746 cnr-‘un
1839 2712 1899 2745 etsi
1927 2715 2067 2747 mandat
2091 2713 2183 2748 Deus
2205 2727 2268 2759 gu-
