2338 2958
98 101 170 137 193

585 96 747 135 DECL.
782 98 841 134 IN
870 97 1112 135 LAUDEM
1150 96 1324 135 ARTIS
1361 98 1633 138 MED1CAE.

2047 113 2116 149 194

97 185 344 231 suspiciamu5‚
385 190 445 219 aut
477 182 660 230 pulchrius
688 186 784 231 quod
815 185 1082 229 investigemus,
1104 185 1109 226 l
1133 183 1233 227 goeio
1260 196 1352 225 rem,
1382 198 1449 231 qua
1478 185 1569 222 nibil
1594 189 1793 232 cognitione
1822 193 2056 238 splendidius,
2082 206 2116 234 et

93 244 153 271 aut
175 236 362 269 iucundius
380 236 474 281 quod
497 247 758 279 cognoscamus.
810 235 961 270 Videtur
985 236 1079 268 enim

93 288 158 332 ipsi
176 293 321 320 naturae
338 287 454 320 studio
471 286 592 328 fnisse,
618 299 695 321 rara
714 299 802 333 quae
819 299 900 320 suae
916 286 1078 330 benigni-

92 337 171 372 tatis
189 348 353 377 munera,
379 343 412 370 et
430 349 501 370 non
520 338 728 372 mediocrem
748 337 832 371 boni
852 337 938 378 vim,
966 338 1002 369 iu
1022 337 1079 369 in-

91 387 188 422 timis
212 385 401 421 herbarum
425 389 590 422 medullis
615 389 805 422 recondere
837 395 870 422 et
893 388 1078 428 occultare,

92 450 163 483 quo
188 439 299 471 bonos
317 446 349 472 et
370 438 499 471 alacres
521 439 615 473 viros
641 439 683 472 ad
702 439 953 483 inquirendum
974 450 1076 471 acue-

92 496 145 522 ret
179 495 210 522 et
248 501 370 522 eornm
401 490 516 522 studia
551 497 585 524 et
624 489 835 522 industriam
873 489 1076 521 liberalibus

92 539 258 584 praemiis
284 547 539 573 remuneraret:
575 541 874 585 quemadmodum
893 539 959 572 viri
977 540 1076 583 prin-

91 590 204 634 cipes,
231 602 351 623 eorum
371 590 491 624 virtuti
514 591 573 635 qui
598 591 633 623 in
657 590 906 623 certaminibus
931 590 1076 634 praesti-

91 647 230 680 terunt,
257 641 446 686 exquisitos
468 639 619 674 honores
645 638 773 674 habere
791 642 913 674 solent.
965 639 1076 673 Cuius

90 692 143 725 rei
161 692 314 734 locuples
334 691 429 725 testis
444 690 618 725 Hesiodus
639 698 704 732 est,
733 692 899 738 antiquae
917 691 997 724 fidei
1015 703 1076 723 va-

91 748 161 780 tes,
199 742 260 787 qui
292 743 454 786 deplorat
487 740 648 776 homines
681 743 860 785 ignorare,
903 749 1074 787 qnantum

90 793 175 826 boni
193 793 228 825 iu
247 793 361 825 malva
379 799 411 826 et
426 793 550 826 albuco
568 794 787 827 reconditum
808 794 864 828 sit.
915 791 960 826 Et
978 792 1076 826 Mer—

91 843 209 876 curius
225 844 283 876 illc
299 843 454 877 Deorum
472 845 659 887 apparitor,
689 843 802 889 Ulyssi
818 844 912 889 moly
931 841 1073 877 herbam

90 901 392 935 commonstrans,
432 894 547 939 inquit
582 893 787 927 homiuibus
816 895 958 927 difficile
990 905 1074 937 esse,

90 956 165 977 eam
188 944 365 985 invenire,
393 944 469 978 Diis
485 953 598 979 autem
620 958 690 978 non
713 945 805 980 item.
859 944 953 978 Haec
967 944 1076 988 igitur

88 996 212 1039 procul
235 996 278 1029 ab
295 995 454 1029 omnium
473 997 584 1029 oculis
602 997 639 1029 in
662 996 822 1029 extremis
847 1008 962 1029 rerum
990 996 1073 1029 late-

89 1045 164 1079 bris
185 1047 341 1079 abstrusa
369 1046 618 1090 pervestigare,
653 1053 685 1080 et
710 1058 875 1090 magnum
901 1047 983 1079 i-nde
1008 1043 1075 1078 hu-

89 1108 213 1130 manae
236 1097 390 1130 societati
413 1098 565 1130 fructum
594 1105 625 1131 et
655 1097 723 1130 sibi
746 1097 951 1141 sapientiam
975 1097 1076 1130 colli-

87 1155 186 1189 gere,
212 1154 262 1180 est
289 1147 456 1190 praeclari
478 1154 510 1180 et
534 1148 649 1191 magni
674 1147 752 1183 viri.
807 1148 902 1191 Quid
925 1159 1007 1180 vero
1031 1149 1074 1180 de

86 1207 302 1239 gemmarum
327 1198 460 1231 naturis
485 1205 516 1231 et
534 1199 722 1232 virtutibus
745 1199 877 1235 dicam,
905 1211 990 1243 quas
1007 1198 1074 1231 viri

88 1246 221 1280 Medici
249 1248 416 1291 singulari
446 1249 577 1292 ingenii
605 1250 797 1283 acrimonia
820 1257 853 1284 et
874 1249 1072 1282 incredibili

86 1297 260 1331 industria
295 1301 549 1343 perpendentes
579 1300 817 1334 invenerunt?
849 1301 977 1345 quibus
1002 1307 1072 1332 tam

87 1348 272 1392 splendida
300 1349 353 1381 vis
379 1356 518 1395 tamque
541 1350 825 1394 incomparabilis
845 1352 955 1383 virtus
972 1351 1074 1390 inest,

87 1405 125 1432 ut
144 1396 235 1431 nibil
251 1399 294 1432 sit
315 1399 349 1432 in
367 1400 471 1433 rebus
489 1397 668 1439 humanis,
695 1402 788 1445 quod
816 1413 893 1434 rum
914 1401 956 1433 iis
976 1413 1071 1434 com·

88 1449 203 1493 parari
222 1450 338 1492 possit.
391 1448 438 1484 Et
455 1463 498 1483 ne
521 1451 660 1494 longior
678 1463 787 1496 aequo
808 1452 891 1493 sim,
920 1452 1072 1496 reliquas

87 1500 301 1533 naturalium
321 1513 436 1533 rerum
456 1509 568 1544 partes
587 1502 697 1545 placet
714 1503 853 1534 silentio
873 1502 1072 1546 praeterire,

86 1550 116 1583 si
139 1551 235 1595 prius
253 1552 295 1583 de
321 1548 484 1591 homine,
520 1552 562 1584 de
587 1564 656 1597 qno
681 1559 793 1586 tacere
818 1553 868 1585 sas
899 1564 969 1585 esse
1000 1564 1072 1584 non

86 1608 192 1645 put0,
225 1601 391 1641 dixerim,
422 1614 491 1647 quo
519 1613 537 1634 a
563 1609 687 1636 natura
716 1614 787 1635 non
818 1603 915 1636 aliud
941 1603 1073 1635 animal

86 1652 211 1685 melius
227 1658 286 1685 aut
302 1653 543 1696 praestantius,
563 1659 624 1687 aut
640 1653 794 1686 divinius
811 1654 992 1688 conditum
1011 1661 1071 1689 est.

86 1702 141 1736 Ad
167 1715 269 1748 quem
293 1703 623 1748 contemplandum,
657 1703 856 1742 Medicina,
891 1716 980 1750 qnae
1004 1702 1070 1737 hoc

87 1753 124 1786 in
146 1754 386 1796 cognoscendo
411 1755 605 1787 accuratior
623 1762 656 1788 et
674 1755 880 1798 diligentior
902 1762 971 1792 est,
1000 1767 1070 1799 quo

86 1803 171 1849 qnid
192 1804 417 1837 excellentius
441 1811 473 1838 et
498 1805 647 1837 melius?
680 1817 820 1838 omnem
850 1805 979 1848 ingenii
998 1806 1068 1836 vini

87 1861 120 1887 et
145 1854 252 1886 animi
278 1855 388 1887 robur
410 1855 600 1894 convertit,
627 1868 748 1888 omnes
765 1856 837 1888 eins
861 1862 974 1899 partes
991 1868 1070 1899 per-

86 1904 221 1943 lustrat,
244 1904 379 1947 singula
399 1905 553 1938 membra
571 1917 725 1938 seorsum
744 1906 886 1950 propius
904 1906 1070 1946 intuetur,

86 1961 117 1987 et
137 1954 208 1987 acri
228 1953 357 1987 iudicio
377 1955 562 1995 examinat,
590 1956 815 2001 singulosque
834 1957 906 1989 eins
925 1957 1070 2000 angulos

84 2011 259 2050 perreptat
277 2012 309 2038 et
327 2006 516 2047 cognoscit,
544 2013 575 2038 et
595 2007 629 2039 in
651 2007 847 2040 admirabili
868 2007 926 2040 illa
944 2015 973 2040 et
992 2008 1069 2040 vix-a

84 2055 240 2100 corporis
256 2052 401 2089 humani
420 2057 690 2100 compositione,
717 2057 834 2091 omnia
854 2058 1069 2100 singulatim,

84 2107 193 2140 veluti
232 2107 448 2141 luculentum
484 2114 516 2141 et
552 2108 688 2141 illustre
722 2109 854 2141 nobilis
889 2106 1068 2142 architecti

84 2157 281 2190 aedificium
314 2158 485 2203 perquirit
521 2166 553 2192 et
583 2159 742 2204 inspicit,
789 2159 909 2204 ibique
931 2166 1008 2204 apte
1035 2166 1069 2193 et

85 2208 260 2251 eleganter
275 2209 440 2252 disposita
459 2208 664 2251 admiratur,
691 2210 718 2242 si
737 2221 824 2255 quae
840 2210 964 2243 vitium
980 2211 1069 2243 fece-

85 2266 184 2298 runt,
212 2265 326 2299 notat,
356 2266 537 2305 totumque
563 2257 627 2293 boc
652 2261 782 2293 animal
806 2261 846 2293 ad
869 2273 908 2293 eo
932 2261 1068 2304 perple-

82 2322 164 2344 xum
182 2316 214 2343 et
230 2309 410 2343 sinuosum
423 2337 431 2351 ,
451 2317 490 2344 ut
507 2323 579 2344 non
605 2311 733 2344 iniuria
753 2311 895 2344 Momus
917 2311 946 2344 ei
973 2312 1069 2344 fene—

84 2367 172 2394 stras
197 2360 377 2393 addendas
396 2362 588 2402 censuerit,
615 2375 683 2407 quo
702 2374 739 2395 ea
758 2374 844 2407 quae
860 2362 954 2395 intus
976 2369 1068 2401 sunt,

83 2411 242 2454 cognosci
263 2418 415 2455 possent,
445 2412 574 2456 lynceis
591 2413 702 2446 oculis
720 2413 893 2457 perspicit.
947 2412 984 2447 Si
1001 2413 1067 2455 igi—

84 2469 141 2496 tur
164 2462 261 2506 quis,
292 2463 384 2507 quod
420 2460 696 2506 pulcherrimum
727 2470 758 2496 et
785 2462 1067 2496 honestissimum

83 2519 150 2550 est,
178 2513 400 2557 semetipsum
419 2513 513 2546 intus
531 2521 563 2547 et
579 2514 614 2546 in
635 2521 711 2547 cute
733 2525 938 2557 cognoscere
961 2514 1068 2557 cupit,

84 2563 193 2596 veluti
220 2561 462 2608 labyrinthum
488 2564 724 2608 ingressurus,
761 2565 974 2598 Medicinam
1000 2566 1067 2597 ‹lu-

84 2625 174 2653 cem,
200 2625 261 2647 ceu
278 2612 406 2647 Thesei
423 2614 538 2656 filum,
564 2622 744 2660 sequetur,
768 2617 794 2648 si
811 2627 928 2649 errore
947 2615 1066 2659 impli-

83 2664 152 2697 cari
187 2670 218 2696 et
245 2676 262 2696 a
287 2677 369 2698 vero
394 2666 518 2698 deduci
542 2677 613 2700 non
637 2666 738 2707 velit,
777 2672 809 2698 et
834 2666 981 2699 minimo
1006 2678 1065 2699 ne-

130 2716 307 2747 Illarum.
335 2717 437 2750 Oeta.
468 2713 547 2750 Vm..
578 2718 641 2751 XI.

1133 235 1363 279 inquisitione
1391 238 1532 277 melius.
1561 247 1594 273 et
1617 241 1850 276 oblectatione
1870 248 2010 279 suavius
2030 261 2114 281 con-

1132 285 1240 330 sequi.
1295 286 1350 318 De
1367 299 1432 331 qna
1450 300 1553 332 quarn
1574 288 1764 325 honorifice
1781 301 1913 328 veteres
1930 297 1999 335 illi,
2029 301 2114 340 veri,

1130 336 1242 369 sancti
1267 343 1299 370 et
1325 338 1498 380 sapientes
1524 336 1683 374 homines
1709 343 1916 387 iudicarint,
1943 348 2021 380 luce
2043 351 2115 383 cla-

1131 386 1204 419 rius
1223 392 1283 421 est.
1334 385 1510 420 Homerus
1535 390 1628 423 enim
1654 399 1747 426 vates
1769 395 1843 427 sine
1863 398 1971 431 dubio
1995 411 2112 433 rerum

1131 434 1365 470 humanarum
1388 439 1636 481 peritissimus,
1662 455 1770 475 unum
1794 445 1992 489 Medicum,
2018 452 2113 483 mul-

1129 487 1173 520 tis
1196 487 1273 520 aliis
1292 485 1495 522 hominibus
1523 498 1692 533 praestare
1715 497 1866 530 censuit:
1894 503 1987 543 quod
2007 499 2111 535 Poffla

1129 538 1290 570 acerrimi
1310 538 1432 571 indicii
1450 552 1631 585 nunquam
1652 543 1809 584 dixisset,
1836 549 1862 579 si
1884 562 1952 581 non
1971 551 2112 586 xidisset

1129 595 1265 622 tantum
1293 597 1452 632 oportere
1477 592 1586 624 tribui
1614 599 1683 626 tam
1710 594 1855 637 eleganti
1876 611 1990 634 rerum
2011 609 2113 635 natu-

1128 651 1186 672 rae
1211 640 1416 683 cognitioni.
1471 640 1566 683 Qui-id
1590 646 1682 687 qnod
1702 643 1856 679 Homero
1881 662 1950 683 non
1976 658 2111 686 tantuin

1128 691 1354 731 vetustiores,
1381 692 1438 724 sed
1459 692 1561 725 etiam
1581 695 1757 737 graviores
1774 697 1856 737 viri,
1888 699 2037 735 Medicis
2055 705 2111 735 di-

1128 741 1229 773 vinos
1253 738 1406 774 honores
1431 739 1653 788 babuerunt,
1679 758 1807 791 eosque
1835 750 2058 785 beneficentia
2080 762 2112 787 et

1128 792 1244 825 studio
1269 792 1304 824 in
1330 805 1515 827 nnmerum
1541 794 1696 828 Deorum
1721 799 1948 836 sustulerunt.
2007 804 2111 845 Quod

1128 843 1280 885 graviter
1311 843 1453 888 quidem
1488 845 1539 877 illi
1574 853 1605 879 et
1635 854 1834 882 constanter
1865 852 2020 887 fecerunt
2055 856 2113 899 (ut

1128 905 1248 925 eorum
1274 894 1405 927 serebat
1432 895 1572 940 religio)
1597 897 1800 933 iudicabant
1824 901 1917 935 enim
1946 903 1997 936 illi
2022 902 2111 938 hanc

1128 944 1334 987 sapientiam
1373 957 1443 977 non
1482 943 1690 987 humanam,
1723 951 1782 982 sed
1812 952 1992 986 coelestem
2031 968 2114 996 esse,

1127 1006 1216 1038 quae
1234 1001 1302 1027 tam
1322 1007 1465 1028 arcanas
1483 1008 1600 1030 rerum
1619 998 1782 1040 virtutes,
1814 1002 1848 1034 in
1871 1003 1954 1047 ipsis
1970 1013 2113 1039 naturae

1129 1045 1226 1078 venis
1251 1047 1449 1080 reconditas
1473 1055 1505 1081 et
1526 1049 1702 1082 abstrusas
1731 1052 1909 1092 evolvere,
1938 1061 1969 1087 et
1993 1056 2029 1088 in
2058 1057 2113 1090 lu-

1127 1107 1201 1128 cem
1220 1096 1375 1140 proferre
1393 1104 1524 1141 posset,
1552 1111 1665 1144 neque
1680 1097 1845 1143 hominis,
1873 1106 1929 1137 sed
1947 1103 2011 1139 Dei
2031 1119 2113 1148 esse,

1128 1153 1221 1180 tanta
1243 1144 1448 1181 hominibus
1467 1151 1649 1182 commoda
1672 1152 1816 1186 adferre.
1853 1153 1970 1196 Quare
1987 1159 2111 1192 merito

1127 1198 1218 1241 apud
1239 1209 1297 1230 eos
1314 1198 1351 1230 in
1370 1199 1494 1231 divino
1510 1196 1644 1233 honore
1664 1210 1780 1243 erant,
1808 1216 1825 1237 a
1844 1206 1972 1249 quibus
1991 1209 2110 1242 divina

1128 1248 1292 1281 beneficia
1311 1249 1562 1292 percipiebant.
1615 1250 1684 1284 Eos
1699 1266 1799 1293 vero,
1827 1256 1887 1299 qui
1905 1258 1947 1289 de
1964 1258 2038 1291 inre
2057 1273 2110 1292 re-

1126 1299 1367 1342 spondebant,
1397 1301 1587 1343 plurimum
1615 1303 1900 1349 admirabantur,
1931 1315 1961 1340 et
1986 1312 2110 1344 merito

1126 1350 1288 1394 quidem,
1324 1350 1402 1394 quis
1424 1351 1516 1383 euim
1536 1358 1605 1384 tam
1629 1361 1764 1386 sanctos
1783 1355 1933 1389 institiae
1952 1363 2112 1394 custodes

1127 1411 1198 1431 non
1223 1401 1493 1442 magnifaceret?
1545 1401 1612 1434 Sed
1647 1409 1761 1436 tamen
1790 1417 1891 1439 nenio
1915 1409 2026 1442 ullum
2053 1411 2111 1444 Iu-

1126 1450 1329 1493 risperitum
1354 1452 1449 1483 coelo
1475 1452 1637 1494 dignatus
1660 1461 1726 1495 est,
1751 1468 1869 1489 verum
1895 1459 1936 1491 iis
1959 1473 2108 1505 quornm

1125 1511 1249 1542 magna
1266 1507 1299 1533 et
1316 1501 1462 1534 celebris
1479 1501 1630 1535 iustitiae
1648 1511 1678 1536 et
1694 1507 1876 1549 aequitatis
1895 1511 2015 1553 opinio
2033 1513 2111 1557 fuit,

1126 1548 1214 1583 lianc
1233 1551 1447 1593 provinciam
1468 1553 1682 1593 detulerunt,
1705 1563 1742 1588 nt
1763 1559 1852 1599 apud
1872 1559 2001 1594 inferos
2021 1563 2111 1596 inter

1126 1601 1267 1634 umbras
1300 1613 1420 1634 causas
1445 1612 1703 1646 cognoscerent.
1774 1606 1824 1639 De
1854 1608 2110 1647 M..tltematicis

1126 1658 1281 1685 veterum
1307 1651 1478 1686 iudicium
1505 1654 1607 1687 etiam
1628 1656 1756 1689 sabulis
1776 1666 1935 1692 testatum
1955 1670 2021 1703 est,
2050 1667 2108 1709 qni

1123 1700 1331 1736 Promethea
1358 1703 1514 1736 nobilem
1540 1716 1622 1738 sane
1644 1704 1930 1744 Matliematicnm
1955 1712 2109 1749 Caucaso

1124 1753 1330 1795 alligarunt,
1366 1754 1397 1787 ei
1415 1766 1477 1798 pro
1496 1752 1737 1790 honestissima
1761 1760 1945 1804 disciplina
1970 1766 2110 1807 tradita,

1124 1803 1384 1837 solicitudinem
1403 1811 1436 1839 et
1454 1806 1628 1839 miseriam
1648 1817 1864 1851 reponentes.
1919 1812 2037 1859 Neque
2055 1814 2108 1850 his

1124 1854 1236 1887 maior
1252 1851 1368 1888 honor
1382 1852 1609 1900 Philosophis
1626 1855 1777 1894 babitus.
1831 1860 1922 1895 Ilinc
1939 1865 2107 1899 nimirum

1124 1906 1238 1949 palam
1270 1914 1338 1943 est,
1380 1906 1472 1939 inter
1499 1904 1761 1943 honestissimas
1780 1911 1982 1957 disciplinas
2011 1918 2109 1960 prin—

1124 1956 1235 2000 cipem
1261 1956 1377 1989 locum
1399 1964 1530 1990 veteres
1557 1957 1755 1994 Medicinae
1777 1963 1929 2005 dedisse,
1957 1973 1994 1999 ut
2019 1967 2109 2001 inte-

1124 2007 1188 2040 rim
1215 2012 1344 2039 taceam
1363 2005 1565 2049 Graeciam,
1595 2021 1673 2043 cnm
1694 2012 1790 2044 omni
1811 2024 1935 2055 genere
1952 2017 2108 2062 discipli-

1123 2069 1248 2091 narum
1277 2057 1425 2090 maxime
1449 2059 1606 2100 floreret,
1637 2059 1842 2105 Hippocrati
1870 2077 1928 2098 eos
1955 2064 2108 2103 honores

1123 2105 1304 2146 babuisse,
1333 2120 1421 2153 qnos
1438 2109 1535 2152 prius
1550 2109 1694 2144 Herculi
1712 2121 1865 2147 monstra
1891 2117 2029 2152 tollenti
2049 2121 2107 2153 de-

1123 2159 1258 2192 tulerat.
1311 2156 1363 2191 Ex
1387 2172 1457 2203 quo
1483 2159 1681 2194 Medicinae
1709 2163 1860 2206 dignitas
1883 2174 1915 2199 et
1941 2169 2108 2211 splendor

1122 2208 1297 2242 aestimari
1318 2210 1439 2250 debet,
1466 2222 1544 2242 cum
1569 2223 1606 2244 ea
1628 2213 1738 2255 regio,
1767 2227 1855 2259 quae
1879 2218 1926 2250 sic
1949 2219 2030 2253 viris
2055 2233 2107 2253 sa-

1124 2260 1300 2305 pientibus
1318 2261 1531 2303 praestabat,
1557 2262 1604 2295 sic
1628 2264 1841 2306 optimarum
1871 2280 1986 2301 rerum
2015 2271 2108 2304 iudi-

1122 2311 1174 2344 cio
1191 2310 1363 2355 pollebat,
1387 2310 1600 2344 Medicinam
1625 2319 1692 2346 tam
1715 2317 1894 2360 exquisitis
1913 2317 2106 2356 honoribus

1124 2361 1317 2398 exoruarit,
1346 2369 1382 2393 ut
1407 2361 1576 2404 dignitate
1599 2364 1701 2396 etiam
1719 2364 1905 2401 Herculem
1930 2371 2106 2405 minorum

1121 2412 1275 2455 gentium
1295 2409 1407 2444 Deum
1431 2413 1650 2457 adaequaret.
1714 2413 1754 2448 Et
1777 2425 1812 2450 nt
1834 2416 2032 2461 honestate,
2062 2425 2105 2457 ita

1122 2470 1154 2496 et
1180 2462 1329 2496 utilitate
1353 2469 1384 2494 et
1410 2463 1596 2497 dulcedine
1621 2465 1765 2510 reliquis
1784 2469 1979 2513 disciplinis
2006 2486 2105 2513 pri-e-

1121 2521 1198 2547 stat.
1251 2510 1559 2554 Quemadmodum
1586 2516 1678 2548 enim
1707 2517 1740 2549 in
1759 2517 1902 2552 Platone
1926 2529 1954 2554 et
1975 2522 2106 2556 Denuo-

1121 2563 1260 2603 stbene,
1303 2570 1335 2596 et
1364 2563 1517 2596 eiusdem
1545 2574 1704 2599 monetae
1737 2569 1837 2602 bonis
1866 2572 2104 2614 scriptoribus,

1121 2627 1191 2647 non
1216 2620 1350 2647 tantum
1374 2625 1497 2655 magna
1524 2617 1683 2649 maiestas
1716 2625 1748 2650 et
1782 2620 1903 2661 ingens
1937 2625 2105 2657 sermonis

1121 2665 1306 2710 splendor,
1334 2666 1392 2697 sed
1426 2665 1528 2698 etiam
1554 2665 1812 2710 pulcherrimus
1837 2672 1967 2705 fructus
1996 2680 2026 2706 et
2051 2675 2104 2707 in-

1449 2716 1493 2749 13
