2338 2958
107 144 181 180 889
421 141 578 178 DECL.
603 123 686 178 ‘DE
722 141 920 179 DICTO:
957 139 1172 182 PATER,
1206 139 1568 175 SANCTlFlCA
1600 139 1710 175 Eos
1740 148 1820 174 ETc.
2064 139 2139 175 890

105 229 261 262 dimenta
289 229 402 262 luctus
427 229 532 262 etiam
556 230 747 265 accesserit.
800 228 868 263 Sed
894 240 955 261 oro
973 227 1099 266 Deum,
1125 229 1128 276 ζ
1156 224 1246 268 patri
1262 223 1473 269 Ecclesiam,
1503 233 1534 259 et
1555 239 1616 269 pro
1636 238 1673 259 ea
1691 224 1900 259 sacrificium
1921 226 2012 269 quod
2034 226 2144 259 factu-

104 286 144 313 ut
170 287 204 314 et
226 291 290 313 nos
315 280 408 323 ipsos
425 280 607 324 impositos
626 289 760 324 petrae,
787 279 919 313 scilicet
936 279 1008 311 filio
1024 290 1099 314 suo,
1124 290 1128 346 Ι
1155 287 1214 308 rus
1231 283 1299 316 est,
1326 276 1489 321 adplicat.
1543 275 1589 310 Et
1612 277 1754 322 quidem
1781 275 2035 320 sapientissime
2061 276 2145 319 petit

104 329 262 364 Domino
294 337 414 363 nostro
447 328 523 363 lesu
553 329 715 369 Christo,
763 336 951 369 sustentet,
993 334 1099 371 regat,
1153 337 1207 358 res
1223 338 1393 359 summas:
1422 327 1575 370 primum
1592 335 1630 360 ut
1646 326 1838 361 Ecclesiam
1855 326 2009 371 aliquam
2029 338 2068 359 ex
2085 338 2144 369 ge-

104 388 234 421 servet,
261 393 324 415 nec
349 381 439 414 sinat
463 382 594 414 diaboli
612 382 792 415 furoribus
808 380 969 424 dissipari
988 377 1098 412 lione—
1152 387 1235 409 nere
1253 374 1407 410 humano
1426 390 1509 410 voce
1528 377 1713 421 Evangelii
1740 378 1896 421 colligat,
1931 388 2035 422 quam
2060 389 2143 420 pro-

103 439 174 465 stos
191 438 326 472 coetus,
355 433 390 464 iu
409 433 537 476 quibus
556 433 714 466 doctrina
736 432 920 475 Evangelii
947 438 979 463 et
1007 430 1097 463 alia—
1152 433 1229 470 pter
1243 425 1332 460 banc
1350 425 1498 461 bostiam
1517 428 1624 472 recipi
1641 435 1728 462 orat.
1757 428 1987 462 Deindeutin
1999 425 2141 460 hacEc-

104 494 182 515 rum
198 483 324 515 artium
336 511 344 522 ,
373 495 460 526 quae
473 481 646 517 Ecclesiae
663 483 876 516 necessariae
893 488 986 521 sunt,
1016 493 1096 524 pro-
1151 477 1253 509 clesia
1271 478 1316 511 sit
1333 485 1518 521 perpetuus
1540 491 1747 518 consensus,
1775 486 1807 512 et
1823 479 1921 511 firma
1941 478 2140 517 concordia,

103 539 284 577 paganum.
340 533 434 567 Dixi,
1122 521 1125 537 ¹
1152 528 1325 571 copulatis
1343 529 1503 561 omnium
1521 529 1648 562 animis
1673 529 1778 562 unius
1802 530 1979 562 doctrinae
2004 529 2140 562 conses-

1150 579 1258 611 sione.
1313 578 1454 620 'l'ertio‚
1477 586 1515 612 ut
1532 577 1625 612 hunc
1640 587 1774 613 coetum
1793 580 1955 612 eductum
1975 591 2014 612 ex
2032 577 2140 613 huius

1150 630 1242 663 vitae
1265 641 1416 670 carcere,
1443 637 1543 663 ornet
1561 631 1712 664 aeternis
1732 630 1834 663 bonis
1849 636 1881 663 et
1899 630 2039 662 coelesti
2055 642 2139 663 con-

1149 680 1356 722 suetudine,
1385 681 1421 713 in
1441 693 1508 725 qua
1527 693 1642 714 coram
1663 682 1821 714 fruamur
1849 687 2056 724 conspectu,
2082 692 2138 713 sa-

113 722 179 758 No.
200 724 282 757 112.
886 724 1081 782 ᾅίᾞ
1150 731 1280 774 pientia
1299 739 1331 765 et
1349 732 1504 765 bonitate
1523 731 1600 767 Dei.
1641 731 1868 766 Considerate
1885 743 2012 776 quaeso
2033 728 2137 764 liuius

983 774 1000 780 ν
1149 782 1261 815 nostri
1286 783 1456 824 oratoris,
1489 789 1522 816 et
1548 783 1676 816 summi
1701 783 1890 816 sacerdotis
1919 782 2136 825 sapientiam,

127 840 200 881 De
230 839 370 881 dieto:
413 838 579 887 Pater,
610 835 847 891 sanctifica
880 852 955 879 303
985 845 1065 880 etc,
1149 831 1222 867 Res
1249 833 1436 873 maximas,
1469 840 1501 866 et
1525 835 1675 867 maxime
1699 833 1910 867 necessarias
1937 833 1972 865 in
1997 833 2057 865 illa
2081 830 2138 865 so—

455 938 461 941 ,
559 926 578 951 Η
700 932 702 935 .
869 929 876 934 ,
1120 922 1122 938 μ
1147 883 1246 917 lenni
1270 884 1439 941 petitione
1462 885 1726 928 complectitur,
1753 896 1844 942 quae
1857 884 1998 929 quidem
2016 883 2137 916 multis

170 927 973 998 ¹¹¹p.⁵‘÷¹9²5.‘·ss¹?55::3¹.·⁶212Ta1.¹}‚.*‘.·22⁵4⁸„5·¹:1.·mam&
986 928 1092 988 32:11¹,-
1119 943 1122 986 ι
1147 935 1190 967 de
1349 942 1476 979 semma
1503 942 1565 971 est·
1618 935 1777 969 Primum
1990 941 2138 977 oportet,

201 999 239 1023 nt.
258 985 302 1029 aa,
328 1001 348 1025 ι.
393 997 457 1022 hem
474 998 499 1021 in
517 996 627 1029 Georgd
646 997 779 1030 pant-,ipis
796 997 933 1022 Anhanini
949 984 1092 1023 concioni?
1147 982 1231 1018 haec
1246 997 1380 1018 summa
1398 986 1490 1019 bona
1511 992 1678 1031 tanquam
1698 984 1946 1018 haereditatem
1973 985 2076 1017 nobis
2099 984 2137 1016 in

199 1033 248 1058 bus
263 1037 287 1058 el
301 1033 407 1070 scriptis
428 1042 452 1064 p.
469 1031 549 1056 439¹&
589 1033 632 1056 last
647 1031 718 1055 euim
736 1032 822 1056 oratio
845 1031 990 1066 synodica,
1022 1033 1074 1057 reci
1147 1043 1355 1070 testamento
1381 1037 1424 1069 ab
1442 1044 1585 1070 aeterno
1635 1043 1707 1070 atre
1756 1037 1835 1069 mita
1859 1048 1930 1068 058?
1984 1042 2015 1068 et
2042 1042 2136 1068 cel-[0

200 1073 251 1092 tata
268 1077 281 1092 a
302 1065 423 1099 Georgi«)
439 1066 504 1091 scria
523 1066 556 1090 ll.
572 1070 631 1099 post
646 1065 721 1090 Trin.
738 1076 762 1091 a.
782 1067 855 1091 1550.
878 1066 941 1092 coll.
963 1067 1010 1100 Ep.
1029 1067 1091 1091 Mel.
1223 1086 1230 1093 ,
1337 1087 1344 1094 ,
1403 1087 1410 1093 ,
1480 1087 1507 1098 Ἴ-
1611 1048 1631 1080 Ρ
1732 1050 1751 1080 p
1812 1087 1819 1094 ,
1918 1087 1924 1092 .
1943 1062 1951 1075 ’
2035 1085 2056 1092 ..

203 1102 229 1127 d.
246 1102 287 1127 26.
306 1102 373 1126 Maii
390 1101 465 1126 1350.
1147 1087 1250 1120 nobis
1266 1088 1423 1120 attribui.
1476 1087 1565 1120 ham
1583 1086 1667 1120 baec
1683 1087 1839 1120 solennis
1857 1093 1976 1130 petitio
1995 1086 2058 1118 filu
2074 1097 2136 1117 ne-

1147 1149 1325 1182 quaquam
1349 1137 1450 1171 irrita
1481 1145 1548 1178 est,
1588 1151 1665 1171 cum
1687 1138 1829 1183 quidem
1853 1144 1970 1181 postea
1998 1144 2029 1170 et
2057 1148 2136 1169 san-

100 1184 229 1217 Oralio
277 1176 498 1227 [synodica]
534 1178 581 1213 cle
614 1178 712 1213 dicto
750 1179 910 1215 Christi:
962 1183 1093 1226 Pater,
1146 1188 1251 1231 guine
1267 1188 1341 1220 eius
1359 1186 1424 1221 hoc
1442 1195 1689 1222 testamentum
1708 1189 1947 1221 confirmetur.

231 1229 432 1278 sanctifica
457 1241 520 1265 eos
544 1232 581 1265 in
604 1233 786 1276 veritate,
819 1234 871 1266 Ιο.
895 1230 954 1267 17-
1248 1237 1386 1271 Deinde
1410 1239 1485 1272 vult
1510 1239 1546 1271 in
1571 1240 1673 1272 nobis
1696 1251 1837 1285 quoque
1861 1239 2050 1272 accendere
2076 1250 2137 1270 cu-

1145 1301 1219 1321 ram
1236 1290 1376 1333 petendi
1391 1297 1425 1323 et
1445 1290 1620 1323 retinendi
1637 1288 1722 1323 haec
1745 1291 1855 1330 bona,
1882 1290 1958 1323 xult
1983 1301 2045 1322 nos
2070 1300 2136 1321 no-

1145 1346 1216 1373 stra
1234 1347 1333 1380 vota,
1361 1347 1499 1374 nostros
1515 1341 1663 1384 gemitus
1681 1349 1849 1385 perpetuo
1867 1342 1909 1373 ad
1929 1352 2026 1373 suam
2044 1339 2134 1384 peti-

1146 1391 1276 1423 tionem
1293 1391 1502 1435 adiungere,
1530 1404 1634 1437 quam
1655 1393 1797 1437 quidem
1826 1404 1899 1428 non
1920 1391 2024 1424 semel
2050 1398 2134 1423 tunc

1145 1441 1323 1482 recitavit,
1349 1443 1407 1475 sed
1433 1440 1516 1476 haec
1539 1450 1589 1476 est
1612 1443 1685 1476 eius
1709 1449 1874 1487 perpetua
1897 1455 1975 1477 vox.
2029 1440 2134 1474 Tunc

1145 1505 1223 1526 cum
1239 1499 1434 1536 prostratus
1451 1505 1570 1527 coram
1592 1493 1681 1528 irato
1703 1501 1801 1538 patre
1823 1495 2028 1537 deprecator
2045 1498 2134 1525 esset

1145 1555 1208 1587 pro
1232 1543 1348 1576 Adam
1383 1552 1414 1578 et
1435 1543 1553 1584 Heva,
1591 1556 1734 1578 exorsus
1761 1551 1811 1578 est
1840 1542 1931 1578 hanc
1963 1543 2134 1588 precatio-

1145 1606 1241 1627 nem:
1270 1601 1303 1628 et
1320 1607 1415 1628 nunc
1432 1596 1468 1628 in
1488 1595 1549 1628 illo
1568 1607 1695 1629 arcano
1712 1596 1860 1629 consilio
1879 1595 2020 1639 placans
2044 1593 2134 1626 iram

1144 1645 1275 1678 aeterni
1293 1646 1400 1690 patris
1419 1658 1480 1688 pro
1498 1643 1563 1679 bac
1585 1658 1792 1679 aerumnosa
1807 1644 1980 1685 Ecclesia,
2015 1645 2050 1676 in
2070 1642 2135 1676 hac

1144 1696 1316 1730 delirante
1333 1704 1468 1730 senecta
1487 1697 1632 1739 mundi,
1661 1698 1808 1730 eandem
1828 1697 2033 1741 petitionem
2050 1694 2136 1728 assi-

1144 1748 1212 1779 due
1227 1747 1365 1790 repetit.

1245 1795 1303 1830 Ad
1321 1795 1411 1831 hanc
1430 1798 1537 1840 igitur
1555 1803 1757 1842 perpetuam
1779 1805 1873 1832 tuam
1900 1797 2135 1841 precationem

1144 1847 1370 1890 adiungimus
1404 1855 1523 1882 nostra
1564 1856 1644 1882 vota
1683 1855 1718 1882 et
1754 1847 1950 1894 lachrymas
1987 1854 2134 1887 nostras,

1143 1897 1221 1932 Iesu
1239 1896 1396 1940 Christe,
1422 1899 1472 1932 fili
1491 1897 1578 1937 Dei,
1607 1899 1780 1934 mediator
1807 1907 1839 1934 et
1861 1911 1996 1933 summe
2021 1910 2134 1932 sacer-

1144 1950 1227 1989 dos,
1253 1961 1292 1982 ac
1312 1956 1425 1983 tecum
1443 1961 1586 1983 oramus
1611 1957 1791 1984 aeternum
1819 1957 1972 1995 patrem,
1998 1960 2135 1993 semper

1144 2007 1183 2034 ut
1208 1999 1302 2033 inter
1324 2012 1389 2034 nos
1413 1998 1606 2034 Ecclesiam
1630 2008 1774 2046 propter
1799 2009 1899 2035 tuum
1923 2000 2134 2034 sacrificium

1144 2050 1304 2094 colligat,
1333 2058 1367 2085 et
1382 2051 1541 2085 omnium
1560 2059 1694 2086 mentes
1716 2059 1748 2085 et
1775 2053 1972 2086 voluntates
1998 2051 2135 2085 confes-

1144 2102 1243 2136 sione
1261 2113 1363 2135 verae
1380 2103 1573 2143 doctrinae,
1601 2110 1633 2137 et
1649 2115 1728 2136 vera
1746 2103 1968 2137 invocatione
1985 2101 2136 2146 copulet,

1144 2159 1184 2186 ut
1209 2164 1290 2186 vere
1312 2165 1423 2187 unum
1449 2153 1558 2187 simus
1584 2153 1622 2187 in
1639 2152 1736 2194 Deo,
1762 2161 1795 2188 et
1811 2155 1952 2188 tandem
1970 2154 2135 2187 liberatos

1144 2204 1269 2237 educat
1285 2204 1323 2237 in
1339 2205 1631 2238 consuetudinem
1650 2212 1759 2239 tuam.

1247 2253 1342 2288 Haec
1360 2267 1582 2300 nequaquam
1601 2255 1727 2288 fiducia
1748 2255 1844 2288 illius
1862 2261 2001 2289 nostrae
2019 2253 2134 2286 virtu-

1144 2305 1188 2338 tis
1207 2305 1375 2349 petimus,
1397 2306 1454 2338 sed
1482 2307 1523 2339 ad
1550 2312 1582 2339 te
1604 2306 1863 2349 confugientes,
1893 2313 1951 2340 tua
1969 2306 2136 2349 depreca-

1145 2356 1240 2389 tione
1264 2357 1478 2390 confidentes
1505 2358 1546 2389 ad
1571 2364 1752 2391 aeternum
1778 2364 1910 2399 patrem
1928 2355 2136 2394 accedimus,

1145 2414 1177 2440 te
1193 2407 1358 2440 volumus
1372 2404 1457 2440 haec
1475 2414 1594 2441 nostra
1612 2414 1691 2441 vota
1706 2420 1786 2441 cum
1805 2408 1873 2441 tuis
1891 2408 1933 2441 ad
1953 2414 2134 2441 aeternum

1145 2464 1278 2501 patrem
1294 2458 1444 2492 adferre.
1495 2457 1554 2491 Tu
1572 2458 1664 2490 enim
1682 2459 1803 2492 eadem
1828 2458 1961 2502 precari
1978 2469 2042 2491 nos
2063 2457 2134 2489 ius-

1145 2508 1230 2542 sisti.
1283 2507 1327 2542 Et
1345 2509 1488 2554 quidem
1508 2508 1544 2541 in
1563 2508 1623 2542 illa
1642 2509 1715 2552 ipsa
1738 2516 1795 2543 tua
1820 2510 1957 2543 solenni
1976 2507 2136 2541 oratione

1145 2557 1229 2593 haec
1247 2560 1352 2592 verba
1374 2559 1491 2592 addis:
1520 2558 1574 2594 Sit
1590 2559 1627 2592 in
1647 2560 1695 2592 eis
1711 2560 1852 2594 dilectio
1880 2572 1947 2605 qua
1973 2570 2026 2591 me
2051 2556 2135 2589 dili-

1145 2610 1208 2653 gis.
1259 2610 1353 2644 Petis
1370 2617 1408 2644 ut
1425 2610 1677 2654 complectatur
1696 2623 1759 2644 nos
1778 2619 1940 2645 aeternus
1959 2608 2062 2642 Pater
2078 2619 2136 2639 eo-

1145 2662 1225 2694 dem
1253 2674 1388 2701 amore,
1431 2673 1502 2706 quo
1528 2667 1560 2694 te
1583 2661 1694 2695 filium
1719 2662 1970 2706 complectitur.
2041 2657 2137 2701 Quid

1146 2713 1217 2757 peti
1235 2713 1345 2746 maius
1363 2712 1503 2757 potuit?
1527 2718 1587 2746 aut
1611 2725 1700 2757 quae
1725 2720 1837 2757 potest
1858 2711 2029 2745 illustrior
2045 2708 2138 2752 cogi-

98 1309 191 1349 Tibi
215 1312 311 1347 Deus
342 1313 585 1356 omnipotens,
637 1320 777 1346 aeterne
813 1321 911 1358 pater
943 1314 1091 1348 Domini

98 1365 212 1399 nostri
228 1363 306 1398 lesu
323 1361 479 1407 Christi,
504 1364 667 1397 conditor
689 1365 776 1397 coeli
793 1372 826 1398 et
847 1372 958 1398 terrae
975 1373 1008 1399 et
1026 1363 1091 1398 ho-

99 1417 255 1454 minum,
300 1422 333 1448 et
356 1415 507 1448 aliarum
531 1422 787 1456 creaturarum,
820 1428 888 1449 una
913 1429 991 1450 curn
1018 1417 1090 1449 filio

97 1474 170 1508 tuo,
187 1466 344 1500 Domino
362 1472 481 1499 nostro
493 1466 568 1499 lesu
581 1463 736 1506 Christo,
762 1473 794 1500 et
805 1466 941 1511 Spiritu
956 1475 1090 1507 sancto,

97 1518 227 1562 gratias
249 1517 401 1560 agimus,
438 1517 532 1560 quod
559 1514 728 1550 hactenus
746 1515 937 1552 Ecclesiam
963 1518 1027 1551 tibi
1054 1519 1089 1551 in

97 1567 154 1603 his
170 1568 374 1612 regionibus
392 1567 545 1610 colligis,
574 1575 605 1600 et
623 1580 741 1611 pacem
758 1575 790 1602 et
811 1569 879 1602 alia
901 1571 993 1602 bona
1019 1569 1090 1602 lar-

96 1620 198 1664 giris:
228 1626 329 1664 teque
346 1615 520 1662 supplices
541 1625 573 1651 et
596 1619 802 1652 ardentibus
823 1620 914 1653 votis
936 1632 1090 1659 oramus,

96 1678 137 1705 ut
154 1677 324 1715 perpetuo
342 1670 444 1702 nobis
457 1669 559 1709 adsis,
582 1666 831 1704 haereditatem
848 1670 920 1704 filio
938 1678 998 1704 tuo
1017 1671 1089 1704 col-

98 1722 206 1765 ligas,
235 1727 268 1754 et
287 1718 438 1764 hospitia
456 1718 634 1753 Ecclesiae
655 1727 825 1764 protegas.

201 1779 306 1815 Scitis
329 1786 446 1812 autem
475 1779 751 1813 vetustissimum
776 1792 910 1813 morem
934 1791 1005 1812 esse
1020 1778 1090 1813 Ec-

97 1831 240 1871 clesiae,
275 1837 308 1864 et
330 1829 430 1863 valde
455 1829 596 1868 utilem,
638 1831 826 1863 convenire
851 1831 894 1863 ad
918 1830 1090 1873 legitimas

98 1883 269 1929 synodos,
309 1887 349 1914 ut
372 1880 532 1913 doctrina
559 1888 592 1914 et
617 1892 732 1913 mores
763 1880 1018 1925 inspiciantur,
1058 1887 1090 1914 et

97 1931 341 1969 consensusin
359 1943 438 1964 vera
466 1930 626 1964 doctrina
652 1939 896 1971 conservetur,
930 1937 962 1964 et
984 1931 1089 1965 disci-

97 1985 195 2031 plina
214 1981 438 2016 mediocriter
453 1988 603 2024 regatur.
656 1980 725 2014 Hic
741 1993 816 2015 mos
837 1981 902 2015 Dei
920 1982 1088 2015 beneficio

96 2033 288 2082 quotannis
305 2046 323 2066 a
339 2032 442 2065 nobis
459 2033 662 2065 observatus
689 2040 758 2073 est,
787 2039 821 2066 et
845 2033 1001 2066 laborem
1023 2045 1090 2066 no-

96 2095 208 2122 strum
233 2083 401 2119 Ecclesiis
427 2084 617 2128 profuisse,
653 2090 686 2117 et
706 2082 781 2116 Deo
810 2091 947 2127 gratum
975 2084 1090 2123 fuisse,

96 2149 210 2183 spero.
266 2135 414 2169 Necesse
440 2141 490 2168 est
515 2140 630 2167 autem
654 2134 692 2167 in
717 2131 772 2168 his
796 2135 1039 2179 congressibus
1056 2142 1090 2168 et

96 2188 226 2233 gratias
241 2198 340 2230 agere
358 2184 453 2226 Deo,
481 2192 513 2218 et
529 2185 661 2229 precari
688 2192 728 2219 ut
753 2193 868 2220 servet
885 2183 1090 2226 Ecclesiam,

96 2247 132 2274 et
147 2238 294 2272 recitare
313 2236 505 2270 sententias
525 2236 678 2281 aliquas,
705 2243 780 2270 tum
806 2237 847 2269 ad
876 2237 1091 2271 consolatio-

96 2302 196 2331 nem,
222 2297 296 2323 tum
313 2288 356 2321 ad
372 2287 746 2321 commonefactionem
763 2288 1054 2323 accommodatas.

201 2347 324 2393 ltaque
340 2358 420 2380 cum
438 2346 638 2390 saepissime
656 2346 724 2380 iam
747 2347 894 2390 cogitem
917 2347 1089 2381 ardentis-

97 2400 221 2434 simam
248 2397 484 2443 precationem
509 2397 573 2430 filii
589 2395 675 2438 Dei,
708 2410 813 2443 quam
838 2398 960 2431 recitat
985 2398 1090 2441 paulo

97 2457 179 2485 ante
211 2456 382 2489 mortem,
422 2448 556 2492 sumpsi
581 2447 665 2481 inde
698 2445 782 2482 haec
811 2449 933 2482 verba:
976 2447 1091 2489 Pater,

97 2501 271 2535 sanctifica
304 2511 363 2534 eos
392 2499 430 2532 in
466 2499 613 2532 veritate
647 2506 727 2540 tua,
775 2511 889 2533 sermo
927 2506 1008 2533 tuus
1042 2507 1091 2533 est

97 2552 236 2586 veritas.

199 2608 345 2653 Semper
360 2609 396 2642 in
412 2616 600 2653 conspectu
618 2620 690 2641 esse
716 2615 823 2642 totam
849 2609 945 2641 illam
972 2621 1091 2653 preca-

96 2662 230 2696 tionem
247 2660 333 2694 utile
351 2667 412 2701 est,
438 2660 474 2693 in
491 2673 557 2705 qua
575 2659 669 2693 filins
678 2658 753 2699 Dei,
776 2671 854 2693 cum
873 2660 916 2693 sit
932 2671 1089 2693 summus

96 2712 275 2751 sacerdos,
309 2711 516 2745 solennibus
545 2711 662 2745 verbis
693 2711 915 2745 commendat
945 2718 1086 2745 aeterno
