2338 2958
151 104 199 139 99

154 190 313 224 diaturus
349 200 426 221 cum
473 199 512 220 eo
547 195 692 228 genere,
735 188 871 215 tantum
908 180 1144 214 adolescentes

154 240 450 274 commonefacere
474 236 627 274 ‹tt-erexi,
660 245 729 278 quo
748 232 896 265 consilio
913 239 944 265 et
963 231 1047 264 olim
1065 242 1144 274 gra-

156 294 221 325 dus
245 290 395 323 instituti
421 290 507 328 sint,
543 293 574 319 et
597 291 766 330 quantum
790 284 832 316 ad
851 282 1051 316 communia
1071 288 1144 315 stu-

155 343 214 375 dia
231 342 411 375 literarum
437 336 606 370 momenti
631 335 782 368 adferret
798 333 940 366 illorum
959 343 1146 365 conserva-

157 393 218 427 tio.
271 390 333 424 Est
355 396 469 422 autem
495 389 535 419 ad
555 398 629 419 eam
655 397 792 419 causam
813 396 900 428 opus
917 381 1005 415 mihi
1024 382 1145 427 aequi-

156 451 225 477 tate
253 449 362 474 vestra
388 439 581 477 auditores,
618 437 803 481 plerosque
823 435 917 468 enim
938 440 1075 467 tanturn
1094 433 1145 465 fa-

157 494 299 527 stidium
326 490 415 535 cepit
440 489 540 523 istius
562 488 687 528 moris,
722 494 760 520 ut
785 492 920 519 tantum
944 496 1015 517 non
1037 490 1146 517 totam

157 544 362 588 Anticyram
386 546 509 585 putent
526 539 770 572 destinandam
797 548 867 569 esse
884 533 960 575 his,
984 535 1147 579 (111111111-

156 596 207 628 los
233 594 316 627 istos
341 592 512 635 graduum
531 589 670 622 decerni
689 588 754 621 sibi
774 587 964 632 postulant.
1017 583 1074 618 Ab
1091 582 1146 617 his

156 658 220 690 pro
238 656 315 676 meo
332 643 407 676 iure
426 649 523 686 peto,
552 653 593 673 ne
610 652 673 672 nos
693 651 732 671 ex
751 636 815 671 hac
831 635 950 670 schola
968 635 1148 673 exibilent,

157 709 200 728 ne
216 695 402 738 explodaut
416 721 424 732 ,
452 693 654 736 priusquam
676 689 870 722 orationem
896 693 1051 719 nostram
1067 697 1148 728 cog-

157 746 334 779 noverint.
399 743 487 776 Nam
515 741 766 785 pronunciare,
794 750 871 772 cum
891 738 1050 770 nondum
1068 747 1149 779 cog-

156 797 297 831 noveris
312 806 467 832 causam,
495 793 528 824 id
548 804 627 824 vero
645 798 695 823 est
712 790 832 823 iniusti
850 796 882 822 et
897 788 1037 821 barbari
1056 787 1150 819 iudi-

156 849 215 881 cis.
268 845 313 880 Et
332 858 392 887 ego
419 856 470 876 me
487 843 580 876 sanis
599 842 766 875 omnibus
789 839 870 875 satis
886 840 1061 872 facturum
1079 849 1151 871 esse

157 899 194 932 in
214 897 279 931 hoc
299 895 444 939 negocio
464 894 607 937 recipio.
655 905 660 909 ·

260 947 322 981 Est
345 947 515 992 quaedam
542 945 578 977 in
608 943 804 988 puerilibus
828 940 979 984 ingeniis
1003 938 1152 972 infantia

158 1008 191 1035 et
208 998 448 1036 imbecillitas,
483 1008 571 1041 quae
594 1007 666 1027 non
693 993 820 1027 sufficit
838 992 1000 1036 pluribus
1017 990 1151 1023 artibus

157 1051 261 1085 simul
282 1048 474 1087 discendis,
508 1047 567 1079 sed
586 1045 714 1078 sensim
741 1056 802 1088 per
823 1044 951 1086 gradus
968 1042 1152 1086 quosdam,

159 1104 201 1135 ad
223 1101 399 1145 graxiores
417 1105 506 1130 artes
525 1096 731 1130 traducendi
751 1101 833 1128 sunt
851 1093 970 1138 pueri,
998 1094 1081 1125 dum
1108 1092 1150 1124 ad

158 1152 334 1195 fastigium
361 1150 488 1182 artium
516 1147 760 1192 pervenerint,
795 1143 860 1178 hoc
887 1151 954 1182 est,
984 1144 1068 1175 dum
1092 1154 1154 1185 pa-

159 1203 314 1237 raverint
334 1201 400 1233 sibi
416 1200 597 1233 scientiam
618 1211 690 1231 non
716 1197 822 1230 stulte
842 1197 884 1228 de
903 1195 1008 1229 rebus
1026 1191 1153 1226 huma-

158 1255 214 1287 nis
246 1252 444 1289 iudicandi,
479 1258 510 1283 et
536 1249 748 1282 mediocrem
776 1247 952 1292 quandam
981 1243 1154 1277 sermonis

160 1305 314 1349 copiam,
352 1304 392 1335 ad
427 1302 603 1334 docendos
634 1300 739 1339 alios,
773 1296 1154 1339 demonstrandamque

160 1357 231 1388 vim
268 1361 501 1397 naturamque
546 1350 696 1384 virtutis,
768 1347 815 1382 Et
853 1346 1152 1392 quemadmodum

160 1419 233 1440 non
252 1405 367 1438 statim
386 1404 472 1436 cibis
489 1401 694 1434 durioribus
711 1412 771 1432 ora
791 1397 978 1431 infantium
997 1396 1077 1429 satis
1095 1395 1154 1426 fir-

161 1470 216 1490 ma
235 1463 332 1494 sunt,
361 1455 417 1487 sed
437 1455 522 1486 lacte
541 1453 598 1485 diu
618 1452 781 1490 aluntur,
808 1455 925 1492 postea
945 1457 1153 1490 praemanso

161 1509 260 1548 cibo,
294 1508 404 1539 donec
431 1505 679 1547 grandescant:
718 1501 763 1534 ita
788 1497 1017 1544 pinguissima
1049 1507 1155 1542 quae-

162 1571 230 1605 que
265 1557 500 1601 facillimaque
528 1554 750 1597 deliguntur,
782 1562 872 1595 quae
898 1548 1057 1581 infirmae
1082 1547 1157 1590 pri-

163 1622 259 1643 mum
284 1607 385 1641 aetati
411 1607 614 1645 tradantur,
650 1603 778 1635 deinde
804 1600 930 1634 ordine
948 1597 1155 1642 disciplinae

164 1661 330 1705 reliquae.
400 1656 520 1702 ltaque
550 1655 740 1700 prudentes
776 1652 843 1684 viri
870 1652 905 1683 in
938 1647 1067 1682 scholis
1092 1648 1152 1680 de-

164 1713 379 1755 scripserunt
407 1709 530 1741 classes
552 1707 719 1751 quasdam
739 1714 948 1748 puerorum,
977 1707 1016 1733 ut
1031 1711 1155 1732 secun-

165 1764 248 1796 dum
274 1759 405 1800 ingenii
430 1759 521 1791 xires
544 1757 602 1790 alii
629 1756 706 1789 aliis
730 1753 927 1798 disciplinis
943 1748 1156 1784 adhiberen-

167 1820 234 1848 tur.
294 1810 338 1845 Et
370 1811 403 1843 in
436 1822 495 1842 sua
524 1809 671 1853 quisque
702 1806 828 1846 classe,
866 1811 1034 1847 tanquam
1065 1801 1156 1833 iutra

166 1871 259 1908 septa
284 1862 516 1899 detineretur,
551 1872 593 1891 ne
619 1859 829 1902 imparatus,
863 1862 892 1888 et
914 1861 1080 1898 tanquam
1100 1863 1158 1884 sus

167 1916 202 1948 in
230 1925 323 1947 rosas
351 1913 499 1945 irrueret
521 1911 562 1943 ad
592 1909 812 1942 obscuriores
837 1913 936 1939 artes.
999 1903 1038 1936 ln
1063 1900 1158 1935 hunc

167 1967 310 1999 modum
338 1964 465 2006 gradus
489 1962 632 2007 quidam
664 1959 743 1993 facti
768 1964 849 1991 sunt
872 1953 1158 1991 adolescentium,

167 2025 205 2051 ut
252 2015 405 2060 primum
452 2011 691 2048 Grammatica
737 2008 999 2052 Dialecticaque
1043 2005 1158 2039 trade-

169 2075 309 2105 rentur,
349 2078 437 2110 quae
468 2065 599 2108 primae
622 2069 711 2095 artes
744 2059 1039 2105 planissimaeque
1066 2062 1158 2089 511111.

170 2118 237 2153 [ibi
264 2118 472 2149 xidebantur
498 2113 558 2147 has
576 2113 819 2156 perdidicisse,
854 2122 925 2142 111111
945 2117 1073 2142 temere
1094 2106 1158 2149 ipsi

169 2170 210 2202 ad
235 2166 424 2213 Pbysicen,
461 2173 519 2199 aut
542 2166 627 2198 alias
653 2171 743 2197 artes
770 2161 1027 2204 irrumpebant.
1090 2158 1157 2191 Sed

170 2226 408 2264 praeceptores
427 2217 654 2261 explorabant
673 2215 763 2247 xires
778 2211 1070 2249 adolescentium,
1099 2208 1158 2252 qui

169 2271 196 2304 si
217 2271 471 2315 probarentur,
506 2267 736 2300 admittebant
764 2266 804 2297 ad
832 2263 983 2307 reliquas
1003 2259 1160 2304 discipli-

299 2320 418 2363 Nuper
442 2316 555 2351 adbuc
582 2316 647 2350 hoc
663 2316 868 2350 servabatur
886 2315 920 2346 in
942 2311 1088 2351 scholis,
1117 2323 1160 2342 nc

1092 2374 1159 2394 11151

171 2334 243 2355 nas.

170 2373 248 2418 quis
279 2372 460 2411 attingeret
492 2367 682 2414 l‘liysicen.
721 2374 778 2400 aut
814 2362 1052 2401 Matliemata,

170 2430 271 2457 antea
297 2423 332 2454 in
365 2419 612 2454 Grammaticis
637 2426 666 2451 et
688 2416 887 2451 Dialecticis
910 2416 971 2447 diu
992 2414 1160 2447 multum-

170 2487 238 2520 que
264 2480 428 2505 versatus.
489 2471 609 2504 Postea
633 2476 896 2513 praeceptorum
929 2465 1057 2499 iudicio
1090 2471 1160 2496 tra-

171 2526 319 2558 debatur
343 2523 508 2561 ulterius,
548 2529 577 2554 et
607 2521 740 2565 primus
773 2520 831 2552 ille
859 2519 985 2560 gradus
1009 2530 1026 2549 a
1054 2514 1159 2548 Lauri

170 2579 273 2610 bacca
300 2587 426 2607 nomen
453 2572 591 2606 babuit:
625 2570 735 2605 Erant
765 2570 857 2602 euim
886 2567 1031 2602 honesto
1056 2565 1160 2599 titulo

171 2627 269 2671 pueri
305 2625 468 2658 ornandi.
542 2623 662 2656 Postea
694 2620 888 2667 l‘liysicen,
933 2616 1159 2655 vaiht-mata,

169 2676 293 2712 Ethica
320 2676 576 2722 percipiebant,
612 2687 673 2707 nec
697 2673 942 2706 salutabantur
967 2668 1052 2703 haec
1078 2681 1095 2702 a
1115 2668 1159 2701 li-

635 95 794 132 DECL.
833 91 910 129 DE
951 91 1253 130 GRADIBUS
1297 89 1686 130 DISCENTIUM.

1184 2093 1188 2122 t

2109 94 2184 130 100

1195 179 1291 213 mine
1320 184 1476 219 tantum,
1509 178 1570 212 diu
1592 177 1849 213 immorabatur
1875 179 2058 222 iuventus,
2087 180 2185 215 'dum

1195 231 1336 275 penitus
1352 236 1591 273 cognosceret,
1613 229 1696 262 dum
1714 230 1819 274 longo
1834 241 1900 264 usu
1913 231 2083 265 iudicium
2101 244 2187 265 con-

1195 282 1404 315 firmaretur.
1458 279 1499 312 ln
1524 277 1579 312 his
1594 285 1760 325 tanquam
1778 281 1969 326 praeludiis
1985 282 2188 324 graviorum

1197 331 1465 375 disciplinarum
1482 342 1561 363 cum
1585 329 1654 362 iam
1677 331 1759 364 satis
1777 331 1983 366 viderentur
1998 333 2190 375 exercitati,

1196 388 1438 427 praeceptores
1462 381 1728 426 permittebant,
1760 388 1800 416 ut
1818 395 1932 424 sacra,
1954 389 2013 416 aut
2034 382 2190 417 Medici-

1199 445 1299 473 nam,
1326 431 1455 465 autlus
1467 432 1649 476 publicum
1666 431 1893 476 attingerent,
1919 434 1961 466 ad
1980 445 2065 478 quas
2083 434 2190 467 disci-

1198 483 1314 527 plinas
1333 495 1434 516 usum
1455 482 1642 526 puerilium
1661 482 1843 516 literarum
1861 495 2027 527 magnum
2043 491 2077 518 et
2093 497 2191 518 acer-

1199 534 1327 568 rimum
1352 533 1522 566 iudicium
1548 533 1714 566 volebant
1739 533 1886 569 adferre.
1946 533 2068 580 Itaque
2092 535 2191 580 prius

1200 585 1473 628 explorabantur
1489 581 1546 617 hic
1564 584 1667 616 etiam
1685 584 1777 617 vires
1788 584 2084 627 adulescentium,
2110 585 2192 620 ‘Ma-

1200 635 1379 679 gisterium
1407 635 1564 668 fecerunt
1590 635 1689 667 classi
1713 635 1868 669 titutum.
1926 633 2088 671 Profecto
2111 637 2192 681 plu-

1202 686 1331 719 rimum
1359 686 1483 727 refert,
1520 686 1698 730 quomodo
1731 685 1954 719 instruantur
1980 698 2195 732 praeparen-

1201 744 1328 781 turque
1367 737 1409 769 ad
1452 736 1644 769 severiores
1695 736 1901 780 disciplinas
1944 737 2194 773 adulescentes,

1200 786 1282 820 7Non
1314 793 1394 819 sunt
1426 786 1528 829 longe
1562 787 1710 830 petenda
1739 787 1916 831 exempla,
1950 788 2061 821 nostri
2085 788 2195 822 seculi

1203 849 1336 870 morem
1355 837 1548 872 videamus.
1601 836 1728 871 Statim
1752 838 1812 871 ubi
1839 838 1874 870 in
1893 838 2071 882 publicam
2090 836 2195 873 scho-
2215 842 2217 844 ’

1204 888 1271 920 lam
1291 887 1385 919 missi
1404 888 1536 920 suerint
1551 888 1809 927 adulescentes,
1842 895 1968 932 putant
1984 889 2118 923 sordidi
2137 890 2195 923 in-

1204 938 1296 982 genii
1315 950 1404 978 esse,
1429 938 1490 971 diu
1508 935 1652 970 haerere
1670 938 1706 970 in
1726 938 1993 981 Grammaticis,
2019 947 2078 974 aut
2095 941 2196 974 simi-

1204 990 1297 1023 libus
1317 989 1439 1032 nugis,
1476 995 1665 1032 properant
1688 988 1746 1022 alii
1774 989 1817 1022 ad
1845 1001 1962 1031 sacra,
1997 991 2096 1024 nulla
2123 991 2195 1024 lin-

1205 1052 1351 1083 guarum
1364 1067 1372 1080 ,
1401 1039 1499 1073 nulla
1519 1039 1660 1072 dicendi
1677 1039 1821 1074 scientia
1836 1046 1939 1073 antea
1956 1047 2072 1084 parta,
2096 1041 2197 1075 nulla

1204 1089 1458 1124 humaniorum
1482 1101 1520 1123 ac
1543 1090 1701 1122 civilium
1721 1091 1868 1123 'morum
1891 1091 2112 1134 cognitione,
2141 1092 2198 1125 di-

1207 1149 1308 1175 scunt
1330 1142 1448 1185 inepte
1469 1140 1574 1174 rixari
1601 1141 1644 1173 de
1671 1141 1778 1174 sacris
1802 1141 1926 1182 rebus,
1952 1154 2016 1175 nec
2039 1143 2081 1175 ad
2106 1142 2198 1176 vitae

1206 1205 1308 1226 usum
1327 1198 1544 1236 comparant.
1580 1190 1672 1224 Volo
1689 1202 1750 1234 ego
1766 1191 1909 1237 quidem
1927 1193 2087 1225 omnium
2104 1199 2200 1227 aeta-

1206 1252 1299 1281 tum,
1335 1243 1494 1276 omnium
1524 1242 1615 1275 vitae
1638 1242 1791 1286 partium
1817 1254 1890 1275 esse
1915 1243 2098 1286 religionis
2125 1251 2200 1278 stu-

1206 1294 1326 1334 dium,
1360 1294 1418 1326 sed
1443 1305 1480 1326 ea
1504 1300 1752 1337 proponantur
1774 1293 1908 1338 pueris,
1945 1305 2034 1338 quae
2062 1295 2200 1340 assequi

1209 1344 1361 1388 possint,
1388 1356 1476 1388 quae
1490 1344 1652 1387 pietatem
1664 1344 1777 1383 alant,
1802 1356 1891 1388 quae
1907 1356 2022 1377 mores
2036 1345 2201 1387 forment,

1208 1407 1279 1427 non
1296 1395 1391 1427 unde
1407 1400 1526 1437 petant
1543 1393 1680 1426 rixandi
1698 1394 1891 1429 materiam.

1311 1444 1408 1487 Quid
1432 1445 1475 1477 de
1492 1444 1570 1476 aliis
1588 1444 1865 1488 professionibus
1887 1444 2028 1478 dicam?
2063 1443 2105 1478 In
2123 1445 2200 1480 iure

1208 1496 1376 1528 discendo
1394 1494 1512 1527 videas
1528 1495 1679 1535 versari,
1705 1496 1765 1540 qui
1779 1495 1918 1528 nullum
1936 1507 2080 1539 prorsus
2096 1509 2201 1530 usum

1208 1546 1356 1579 aliarum
1376 1545 1556 1578 literarum
1574 1542 1724 1585 habent,
1747 1557 1828 1578 cum
1845 1552 1961 1578 tamen
1979 1546 2068 1580 illud
2086 1547 2200 1591 ipsum

1210 1597 1263 1630 ius
1283 1609 1323 1629 ex
1346 1593 1645 1639 Philosophorum
1674 1607 1712 1629 ac
1735 1593 1933 1630 Rlietorum
1957 1597 2087 1639 literis,
2121 1604 2201 1631 tan-

1209 1660 1312 1693 quam
1345 1658 1385 1680 ex
1418 1647 1515 1680 fonte
1542 1653 1657 1679 ortum
1682 1646 1737 1682 sit.
1802 1645 1946 1681 latricae
1968 1660 2050 1681 vero
2073 1660 2201 1683 manus

1209 1699 1416 1739 admovere,
1442 1697 1509 1730 nisi
1527 1695 1698 1743 Physicen
1720 1697 1906 1739 didiceris,
1938 1706 1988 1733 est
2014 1699 2089 1732 sine
2112 1712 2202 1744 pen-

1210 1750 1264 1783 nis
1288 1749 1417 1783 volare.
1469 1748 1562 1782 Nam
1585 1748 1710 1781 clinica
1731 1748 1790 1781 illa
1813 1749 1989 1783 medicina
2016 1757 2086 1784 tota
2106 1763 2146 1784 ex
2164 1763 2202 1785 ea

1210 1797 1462 1843 Philosophiae
1494 1805 1590 1844 parte
1620 1806 1700 1833 nata
1732 1806 1800 1839 est,
1834 1812 1923 1845 quae
1947 1801 2203 1835 elementorum

1211 1851 1468 1894 cognitionem,
1504 1857 1620 1883 motus
1643 1850 1865 1892 varietatem,
1893 1863 2080 1895 corporum
2097 1859 2203 1886 natu-

1211 1915 1284 1935 ram
1311 1902 1428 1935 tradit.
1489 1899 1600 1934 Porro
1626 1901 1710 1933 dum
1731 1898 1796 1934 hoc
1815 1902 1920 1935 modo
1946 1914 2018 1935 non
2039 1903 2203 1947 perpoliti

1212 1953 1339 1997 puerili
1365 1951 1525 1985 doctrina
1556 1951 1696 1985 irruunt
1719 1953 1762 1985 ad
1788 1953 1978 1986 severiores
2004 1959 2114 1995 artes,
2145 1953 2203 1987 in-

1212 2005 1312 2037 firmo
1341 2003 1471 2036 iudicio
1498 2003 1617 2036 literae
1642 2013 1783 2043 omnes,
1816 2010 1976 2048 artesque
1994 2004 2095 2037 foede
2118 2016 2204 2038 con-

1212 2061 1432 2099 spurcantur.
1493 2051 1537 2087 Et
1556 2053 1637 2099 quia
1661 2065 1698 2086 ex
1716 2053 1825 2086 literis
1847 2065 1963 2087 rerum
1981 2055 2203 2098 publicarum

1185 2127 1186 2138 1
1212 2113 1321 2139 status
1339 2111 1610 2149 comparantur,
1632 2104 1685 2144 fit,
1708 2116 1786 2137 cum
1805 2117 1928 2149 parum
1946 2105 2022 2139 sani
2040 2118 2103 2150 pro
2118 2119 2205 2140 con-

1184 2149 1188 2213 i

1213 2157 1374 2190 ciouibus
1398 2163 1430 2189 et
1460 2156 1495 2188 iu
1530 2155 1668 2189 iudiciis
1692 2167 1839 2198 regnum
1867 2163 2006 2199 gerant,
2042 2164 2079 2190 ut
2108 2158 2204 2192 varie

1214 2214 1424 2253 quassentur
1452 2206 1608 2252 Respub.
1641 2205 1802 2239 Profecto
1836 2207 1943 2240 satius
1980 2214 2054 2241 erat
2086 2209 2202 2242 nullas

1215 2259 1332 2292 literas
1355 2258 1545 2300 attingere,
1576 2269 1681 2303 quam
1709 2254 1774 2290 hoc
1794 2258 1900 2291 modo
1919 2265 2077 2293 tractare.
2129 2259 2204 2294 Diu

1214 2317 1312 2343 erant
1341 2310 1440 2353 pueri
1469 2307 1738 2349 Grammaticis,
1772 2306 1973 2343 Dialecticis
1999 2323 2038 2343 ac
2067 2307 2204 2345 Rheto-

1215 2361 1296 2393 ricis
1329 2360 1511 2403 alligandi.
1571 2358 1727 2392 Multum
1755 2360 1922 2404 temporis
1946 2369 2064 2405 postea
2093 2361 2204 2395 cotto-

1214 2413 1364 2445 candum
1385 2418 1456 2445 erat
1482 2411 1516 2443 iu
1535 2407 1771 2449 Mathemata,
1799 2417 1830 2444 et
1851 2411 2021 2457 reliquam
2041 2409 2205 2446 Philoso-

1215 2460 1345 2507 phiam.
1402 2462 1702 2497 t‘bimatnrnissu
1724 2461 1912 2501 iudicium,
1937 2470 2010 2496 tum
2027 2470 2124 2496 erant
2141 2463 2205 2497 ad-

1215 2512 1361 2547 hibendi
1381 2515 1422 2546 ad
1441 2525 1496 2546 eas
1512 2519 1620 2551 artes,
1649 2513 1777 2558 quibus
1794 2511 1898 2557 Resp.
1918 2513 2173 2557 gubernantur.

1317 2565 1443 2597 Graeci
1467 2563 1656 2607 agricolae,
1688 2576 1766 2597 cum
1790 2563 1948 2598 viderent
1972 2572 2204 2599 maturescere

1213 2623 1343 2658 segetes
1359 2624 1452 2650 certo
1471 2621 1604 2648 tantum
1626 2615 1792 2659 temporis
1806 2615 1940 2658 spacio,
1968 2628 2039 2649 nou
2058 2617 2204 2649 colono-

1214 2680 1292 2700 rum
1326 2680 1450 2712 opere,
1482 2672 1540 2699 aut
1575 2666 1640 2698 soli
1669 2672 1811 2705 natura,
1851 2666 2032 2701 dixerunt:
2076 2667 2204 2702 Annus
