2338 2958
2 148 5 166 ,.
3 70 9 141 ,Ἀη-

85 99 158 137 149

79 185 143 221 has
162 193 296 221 tantum
312 185 404 229 leges
421 196 514 228 esse,
541 197 630 232 quae
648 192 730 220 sunt
748 185 786 219 in
802 186 954 231 publicis
970 186 1072 220 libris

79 237 240 282 scriptae.
291 235 386 270 Haec
407 237 461 270 lex
482 248 557 271 non
582 236 620 270 in
641 247 699 270 aes
721 237 850 276 incisa,
876 249 950 271 non
967 237 1072 271 tabu-
1097 246 1100 295 ι

79 288 124 322 lis
153 287 301 332 lapideis
333 287 508 332 insculpta
538 294 605 326 est,
639 288 699 321 sed
728 288 766 321 in
789 287 918 322 animis
940 288 1071 322 nostris

79 338 208 382 scripta
232 338 424 380 divinitus,
450 345 490 373 ut
514 345 700 383 parentum
720 339 811 372 iussa
829 350 901 371 non
921 339 1070 373 minoris

77 389 257 429 faciamus,
285 401 391 434 quam
409 389 482 423 ulla
498 397 700 434 praetorum
716 389 839 423 edicta.
891 388 937 424 Et
953 397 1069 424 tamen

79 447 197 474 extant
230 440 334 474 etiam
357 439 631 484 Magistratuum
654 440 746 483 leges
769 437 833 473 hac
857 441 899 473 de
922 453 975 474 re:
1010 453 1069 474 ex-

77 497 153 525 tant
179 496 212 524 et
235 497 373 535 praeter
397 488 583 525 hominum
600 492 784 524 doctorum
804 498 1003 535 praecepta,
1031 491 1067 524 in

75 541 182 575 sacris
206 542 318 575 literis
341 543 564 585 gravissimae
586 541 862 583 admonitiones,
889 550 927 576 ut
943 543 1068 576 ambu-

77 593 190 626 lemus
212 605 329 626 coram
353 591 559 627 hominibus
580 588 811 637 εὐχημόγως,
841 590 906 626 hoc
929 600 996 634 est,
1023 604 1067 626 ne

77 644 165 688 quid
188 644 343 681 incessu.
376 656 555 684 sermone,
590 650 687 687 gestu
708 643 915 678 indecorum
939 644 1067 678 admit-

75 701 201 728 tamus.
253 693 299 728 Et
319 694 450 728 Paulus
474 695 571 728 iubet
592 695 710 736 fugere
735 679 906 727 iuveniles
929 695 1068 738 cupidi-

75 751 178 786 tates,
213 746 432 789 significans,
466 753 505 779 ut
528 745 623 778 docti
648 743 808 778 homines
831 746 1066 789 interpretan-

75 803 154 837 tur,
181 797 324 830 delicias
346 796 422 829 illas
447 796 484 829 in
508 796 656 836 vestitu,
682 803 742 829 aut
767 796 804 828 in
830 797 963 841 reliqua
989 809 1066 830 cor-

76 848 173 892 poris
192 848 340 881 actione.
393 845 488 889 Quid
515 854 565 880 est
589 853 724 887 autem,
753 847 780 879 si
805 859 877 880 non
901 855 951 881 est
973 847 1068 880 insa-

75 899 151 939 nia,
177 910 291 943 neque
312 899 489 932 bonorum
511 898 670 931 virorum
689 897 848 938 iudiciis,
874 910 988 944 neque
1006 910 1068 943 pa-

74 956 234 990 rentum,
259 961 374 994 neque
396 949 532 992 legum,
556 960 670 994 neque
693 960 870 982 sacrarum
886 949 1066 983 literarum

75 1000 263 1034 autoritate
290 1000 514 1044 permoveri?
564 999 686 1044 Neque
715 1000 791 1033 leve
820 1007 998 1043 peccatum
1023 1001 1068 1033 sit

75 1057 231 1095 oportet,
273 1052 369 1096 quod
399 1058 496 1085 tanto
532 1062 704 1084 consensu
735 1048 873 1085 honesti
906 1048 1067 1084 homines

74 1102 231 1135 universi
266 1103 454 1141 damnant,
486 1102 546 1134 sed
579 1101 701 1134 vident
724 1101 778 1134 illi
800 1108 967 1146 quantam
992 1102 1067 1135 rui-

74 1164 157 1185 nam
178 1149 320 1186 trahant
339 1150 424 1185 haee
442 1152 542 1185 initia
554 1179 563 1192 ‚
589 1163 669 1184 enm
685 1152 722 1185 in
740 1152 856 1196 parvis
872 1154 977 1185 rebus
995 1153 1067 1186 dis-

73 1214 208 1236 cessum
233 1210 284 1237 est
308 1214 327 1235 a
352 1203 525 1236 maiorum
553 1203 744 1244 institutis,
779 1204 1066 1249 perspiciuntque

73 1265 162 1299 quae
186 1253 393 1297 disciplinae
417 1254 636 1297 perturbatio
656 1261 837 1298 sequatur.
890 1253 986 1288 Haec
1010 1267 1067 1288 ar—

72 1311 237 1348 gumenta
263 1316 322 1338 vos
343 1311 605 1345 commoveant,
638 1305 763 1349 optimi
784 1303 1066 1344 Commilitones‚

72 1361 112 1389 ut
142 1355 290 1398 longum
320 1356 436 1388 valere
457 1355 582 1389 dicatis
605 1355 675 1388 illis
699 1356 737 1387 in
762 1356 889 1389 vestitu
914 1356 1068 1399 ineptiis,

74 1417 281 1451 semperque
300 1406 418 1440 veniat
434 1405 470 1438 in
487 1411 652 1446 mentem,
679 1406 757 1438 illas
772 1418 845 1438 uon
861 1406 979 1439 miuus
996 1417 1066 1439 esse

73 1464 193 1500 turpes
210 1463 310 1489 notas
327 1469 430 1501 quam
448 1456 625 1499 stigmata,
653 1468 742 1501 quae
758 1457 932 1489 damnatis
948 1468 1066 1489 rerum

72 1507 278 1551 capitalium
304 1507 515 1547 inuruntur,
558 1506 662 1539 vestis
691 1507 784 1539 enim
821 1507 937 1539 virum
970 1507 1065 1539 facit:

73 1569 182 1604 quare
207 1558 235 1590 si
260 1557 304 1591 sit
329 1558 514 1597 indecora,
549 1563 654 1590 nocet
678 1557 955 1595 existimatione,
992 1569 1066 1589 non

72 1609 175 1643 aliter
211 1615 316 1653 atque
349 1609 448 1648 illae,
490 1614 528 1641 ut
563 1614 708 1648 vocant,
745 1606 919 1641 Thraciae
950 1614 1065 1641 notae.

71 1659 184 1694 Porro
203 1659 332 1694 talibus
349 1659 520 1702 stigmatis
537 1658 722 1698 delectari,
751 1670 788 1691 ea
806 1671 887 1692 vero
906 1659 1065 1692 inaudita

71 1711 226 1745 amentia
251 1718 311 1745 est.
363 1708 420 1744 Ad
443 1708 528 1743 haec
551 1711 636 1743 dum
658 1707 712 1742 his
729 1710 1000 1753 cupiditatibus,
1027 1717 1066 1742 ut

72 1762 258 1800 videntur,
292 1761 485 1794 levioribus
511 1760 661 1793 nimium
688 1760 897 1803 indulgetis,
933 1761 1065 1793 interea

71 1813 184 1846 multa
200 1812 267 1846 alia
284 1812 368 1846 vitia
385 1812 476 1844 vires
488 1811 676 1855 accipiunt,
702 1811 817 1853 legum
831 1817 1066 1855 contemptus,

73 1862 237 1902 audacia,
264 1863 508 1905 adiunguntur
530 1868 692 1905 corrupta
713 1861 895 1902 sodalitia,
919 1859 1065 1895 honesta

71 1913 186 1947 studia
199 1913 319 1946 omnia
333 1914 556 1952 deseruntur,
579 1913 733 1946 succedit
747 1912 872 1952 ocium,
897 1912 931 1945 id
946 1913 988 1945 ad
1002 1925 1066 1946 vo-

72 1965 223 2008 luptates
239 1964 377 1998 invitat.
405 1962 522 2008 Atque
535 1960 659 1996 harum
677 1975 796 1996 rerum
816 1964 874 2008 qui
887 1963 1064 2004 sitexitus,

72 2027 163 2060 quae
192 2012 450 2060 καταστροφὴ,
494 2025 595 2057 saepe
621 2014 791 2048 videmus.
854 2014 932 2048 Non
958 2014 1065 2057 igitur

71 2064 163 2099 nihil
180 2066 327 2110 periculi
345 2073 408 2105 est,
431 2070 471 2098 ut
488 2065 630 2109 quidam
649 2064 859 2105 existimant,
886 2065 1063 2109 ignoscere

71 2117 140 2151 sibi
156 2117 193 2150 in
206 2114 259 2150 his
271 2117 388 2160 nugis,
411 2122 451 2150 ut
465 2123 608 2149 vocant:
637 2114 751 2148 Nimis
765 2127 869 2160 quam
883 2128 999 2149 rerum
1014 2124 1064 2151 est

72 2165 135 2201 has
151 2179 262 2211 nugas
278 2169 366 2201 seria
382 2168 521 2202 ducere.
576 2166 683 2200 Vetus
697 2173 747 2199 est
763 2167 964 2208 versiculus,
989 2179 1061 2200 ma-

72 2230 140 2262 gna
155 2219 267 2252 teneri
281 2231 353 2251 non
372 2230 472 2261 posse
487 2219 515 2250 si
533 2229 637 2262 parva
656 2218 873 2260 negligenter
884 2224 1062 2252 tueamur:

199 2267 224 2297 εἷ
245 2267 288 2307 μὴ
313 2265 480 2308 φυλάσσεις
501 2265 584 2307 μικρ’
611 2265 734 2303 ἀπολεῖς
756 2265 795 2296 τὰ
818 2266 950 2305 μείζονα.

72 2319 170 2353 Idem
192 2317 249 2353 hic
265 2320 339 2353 fieri
356 2320 533 2353 videmus:
562 2332 642 2353 nam
661 2320 720 2365 qui
739 2332 861 2364 parum
876 2320 966 2352 firmi
980 2326 1063 2353 sunt

70 2372 237 2404 adversus
265 2368 326 2404 has
349 2371 498 2404 leviores
521 2371 748 2415 cupiditates,
777 2368 840 2403 hos
864 2371 965 2404 citius
984 2371 1062 2415 opi-

69 2422 177 2455 nione
192 2422 260 2455 alia
276 2422 424 2455 maxima
442 2421 530 2454 mala
549 2422 760 2466 oppriment.
803 2420 843 2455 In
860 2422 983 2466 primis
998 2435 1061 2455 au-

69 2479 138 2507 tem
155 2484 220 2506 nos
236 2470 448 2518 quiChristo
466 2485 595 2506 nomen
613 2473 785 2512 dedimus,
812 2473 1060 2506 verecundiam

70 2535 110 2556 ac
124 2524 332 2558 modestiam
351 2523 387 2556 in
407 2524 572 2557 omnibus
587 2523 678 2557 vitae
695 2524 853 2568 partibus
871 2524 984 2557 colere
1000 2525 1063 2557 de-

70 2581 142 2615 cet,
166 2581 199 2608 et
223 2575 304 2621 quia
328 2587 367 2608 ea
392 2575 503 2609 virtus
521 2573 595 2608 Deo
621 2575 658 2607 in
675 2575 799 2620 primis
816 2575 946 2619 placet,
971 2582 1004 2609 et
1023 2581 1061 2609 ut

69 2625 175 2658 honis
192 2626 360 2671 exemplis
376 2625 529 2660 aliorum
548 2637 664 2659 mores
681 2626 845 2660 meliores
862 2626 1060 2662 reddamus,

71 2675 166 2710 Dixi.

576 98 746 136 DECL.
779 99 854 136 DE
885 97 1160 136 ENCOMIO
1196 98 1616 140 FORMICARUM.

2044 110 2115 145 150

1097 189 1100 218 ἶ
1125 185 1266 246 Q
1941 207 1990 228 an.
2010 198 2102 231 1527.

1311 286 1585 330 Encomium
1605 287 1922 346 formicarum.

1194 373 1299 400 Prodiit
1319 383 1380 400 eum
1403 373 1476 406 aliis,
1504 374 1556 401 vid.
1579 375 1685 403 No.16.
1710 391 1744 398 -—
1786 378 1889 405 Recusa
1909 380 1979 413 apud
2000 381 2112 410 Craton.

1225 408 1295 442 Myl,
1311 417 1336 442 p.
1353 408 1403 434 546
1416 417 1488 442 sqq.‚
1514 409 1541 434 in
1559 410 1680 437 Declam.
1696 411 1728 440 T.
1744 413 1762 438 Ι.
1777 421 1800 446 p.
1817 413 1891 444 768.³
1914 415 1943 440 in
1959 416 2076 444 Sei-vest.
2091 420 2112 444 1.

1226 443 1317 477 p.673.
1331 447 1356 468 et
1370 444 1439 476 apud
1455 443 1582 469 Richard.
1598 444 1629 470 T.
1644 445 1675 470 ll.
1692 447 1766 478 p.74.
1788 462 1821 468 —
1858 449 2015 476 Melantbon
2031 451 2111 478 Eras-

1226 486 1300 502 mum
1317 477 1470 510 Ebnerum,
1494 478 1539 511 qui
1559 479 1627 504 hanc
1648 481 1796 506 orationem
1812 483 1891 508 lenae
1904 484 2043 515 recitavit,
2068 496 2112 512 se-

1225 521 1287 537 cum
1310 512 1432 543 duxerat,
1458 517 1484 537 ut
1501 513 1581 537 etiam
1598 513 1664 538 alios
1680 516 1808 547 quosdam
1825 516 1935 543 iuvenes
1950 529 2012 544 suae
2027 521 2112 546 disci-

1224 545 1313 580 plinae
1333 547 1456 572 traditos.
1492 547 1680 581 „Formicas”
1702 549 1778 574 lenae
1801 552 1911 585 scriptas
1933 563 1988 579 esse
2009 555 2111 582 intelli—

1225 581 1296 614 gitur
1311 590 1338 605 ες
1355 580 1481 614 Epistolis
1504 581 1562 607 Vol.
1576 581 1595 606 l.
1612 591 1637 615 p.
1655 582 1715 607 896.

1122 662 1341 695 Encomium
1365 662 1622 696 Formicarmn
1654 665 1839 707 scriptum
1871 663 1957 711 [imo
1983 668 2111 704 recita-

1317 709 1407 758 tum]
1436 711 1482 746 ab
1508 714 1699 748 Erasmo
1728 714 1918 750 Ebnero.

1119 789 1243 831 Nemo
1261 796 1298 828 in
1318 794 1384 828 hoc
1401 802 1501 829 coetu
1517 796 1605 830 dixit
1622 808 1779 842 unquam
1791 825 1799 839 ,
1823 806 1994 844 quantum
2012 804 2108 847 equi-

1121 849 1199 880 dem
1232 847 1387 880 iudicare
1417 858 1579 890 possum,
1608 848 1665 880 cui
1694 849 1840 892 perinde
1865 851 2110 888 benevolentia

1120 906 1252 939 vestra,
1285 905 1390 942 atque
1425 895 1513 930 mihi
1544 910 1632 941 opus
1662 906 1766 940 esset,
1798 912 1869 933 non
1899 903 2005 936 modo
2029 905 2112 949 quia

1120 947 1205 982 haec
1241 955 1332 982 aetas
1368 960 1443 981 mea
1472 949 1642 992 singulari
1672 950 1791 983 favore
1814 953 2053 988 confirmanda
2079 963 2110 989 et

1120 1000 1318 1033 adiuvanda
1351 1006 1418 1040 est,
1453 1001 1514 1032 sed
1544 1000 1648 1032 etiam
1673 1001 1754 1045 quia
1778 1010 2024 1045 argumentum
2049 1008 2111 1039 ad-

1119 1052 1210 1091 fero,
1237 1051 1332 1095 quod
1349 1050 1453 1083 etiam
1471 1051 1498 1083 si
1518 1051 1674 1084 novitate
1690 1052 1825 1095 placere
1841 1054 1967 1097 possit,
1994 1062 2111 1090 tamen

1119 1102 1166 1136 ita
1191 1108 1241 1135 est
1267 1102 1374 1141 exile,
1402 1108 1440 1135 nt
1459 1102 1593 1134 nnllam
1614 1114 1825 1146 magnopere
1840 1106 2110 1140 admirationem

1119 1159 1306 1186 mereatur.
1359 1151 1433 1185 Alii
1458 1164 1512 1185 res
1534 1161 1644 1195 gestas
1661 1154 1936 1188 clarissimorum
1956 1155 2110 1201 Impera-

1118 1211 1235 1237 torum
1266 1203 1476 1243 recitarunt,
1511 1210 1543 1236 et
1570 1210 1643 1236 tum
1669 1202 1814 1238 honeste
1841 1206 1928 1240 facta
1953 1219 2111 1243 summo-

1118 1267 1197 1288 rum
1216 1252 1422 1295 hominum,
1449 1255 1598 1288 dicendo
1617 1263 1850 1297 ornaverunt,
1878 1264 1952 1291 turn
1970 1266 2028 1293 aut
2046 1273 2111 1304 po-

1119 1306 1302 1350 pulorum,
1338 1311 1398 1338 aut
1427 1313 1660 1350 tyrannorum
1687 1307 1839 1350 turpiter
1864 1309 1952 1342 facta
1977 1311 2111 1352 gravis—

1118 1356 1203 1388 sime
1234 1356 1535 1399 vituperaverunt.
1595 1354 1671 1399 Ego
1697 1357 1865 1401 quoniam
1892 1360 2010 1393 deerat
2037 1361 2110 1394 elo-

1119 1406 1261 1451 quentia
1284 1418 1350 1450 par
1371 1405 1475 1438 tantis
1499 1406 1629 1446 causis,
1662 1407 1866 1441 infirmitate
1890 1410 2018 1443 virium
2043 1409 2111 1445 hu·-

1118 1457 1237 1489 milius
1261 1463 1505 1498 argumentum
1533 1469 1698 1500 quaerere
1721 1465 1859 1492 coactus
1885 1472 1972 1496 sum.
2027 1462 2107 1505 Qua

1118 1508 1160 1539 de
1185 1519 1222 1539 re
1246 1507 1330 1539 dum
1355 1506 1491 1550 aliquot
1515 1507 1588 1538 dies
1612 1508 1786 1546 delibero,
1815 1510 1970 1555 dumque
1986 1522 2109 1557 reputo

1117 1569 1202 1602 quas
1227 1569 1281 1589 res
1306 1556 1446 1598 exiguas
1471 1557 1693 1591 laudaverint
1712 1565 1844 1592 veteres
1859 1562 2065 1606 scriptoreS,
2091 1577 2109 1597 a

1117 1608 1276 1641 Luciano
1308 1607 1411 1640 video
1436 1619 1608 1648 muscam,
1645 1620 1662 1641 a
1689 1608 1838 1652 Virgilio
1862 1623 1943 1655 apes
1966 1614 2111 1648 mirifice

1117 1666 1258 1692 ornatas
1276 1670 1358 1691 esse.
1410 1657 1501 1691 Cum
1519 1659 1626 1702 igitur
1642 1657 1729 1692 mihi
1750 1658 1936 1695 honestum
1956 1676 2028 1697 esse
2045 1678 2110 1709 pn—

1116 1717 1245 1749 tarem,
1278 1716 1435 1743 veterum
1460 1710 1616 1753 exempla
1641 1711 1756 1755 sequi,
1791 1712 1953 1747 formicas
1976 1717 2109 1759 sumpsi

1117 1761 1324 1793 laudandas.
1376 1759 1497 1805 Neque
1529 1761 1668 1793 nullum
1696 1774 1822 1806 operae
1857 1765 2012 1808 precium
2038 1779 2109 1800 esse

1117 1811 1234 1845 iudico
1257 1811 1293 1844 in
1314 1818 1410 1844 tanta
1429 1818 1573 1844 naturae
1591 1812 1757 1846 varietate
1775 1810 1858 1847 haec
1876 1816 2013 1850 minuta
2031 1819 2110 1851 ani-

1117 1863 1246 1896 mantia
1274 1862 1516 1905 contemplari.
1569 1860 1711 1896 Etenim
1737 1876 1808 1897 non
1835 1867 1938 1899 modo
1963 1865 2109 1901 Ethnici

1116 1913 1302 1957 scriptores
1325 1913 1467 1955 dignam
1491 1910 1582 1946 hane
1607 1915 1785 1948 materiam
1806 1916 1840 1948 in
1859 1930 1925 1961 qua
1946 1919 2108 1953 elabora-

1117 1971 1212 2003 rent,
1241 1970 1470 2008 putaverunt,
1495 1965 1552 1996 sed
1573 1965 1676 1997 etiarn
1692 1964 2107 2009 PrincipesChristianae

1115 2015 1297 2048 doctrinae
1334 2015 1512 2048 mentione
1550 2027 1736 2058 parvarum
1767 2017 1804 2049 in
1833 2025 1956 2052 natura
1989 2033 2105 2054 rerum

1115 2066 1280 2099 delectari
1311 2066 1487 2099 videntur.
1539 2063 1702 2099 Christus
1733 2067 1828 2101 iubet
1860 2081 1923 2102 nos
1952 2083 2106 2114 passeres

1115 2117 1264 2157 intueri,
1291 2115 1463 2151 Solomon
1480 2117 1649 2161 praecipit
1666 2130 1735 2150 non
1755 2120 1859 2153 modo
1874 2123 2104 2166 contemplari

1113 2168 1295 2208 formicas,
1323 2169 1381 2200 sed
1401 2167 1504 2201 etiam
1523 2169 1647 2200 nosad
1670 2180 1725 2201 eas
1742 2176 1908 2215 tanquam
1926 2172 1963 2204 in
1981 2173 2104 2206 ludum

1113 2218 1271 2251 discendi
1293 2230 1394 2252 causa
1416 2218 1533 2252 mittit.
1589 2217 1683 2260 Quid
1709 2232 1978 2255 commemorem
1999 2237 2102 2268 qnam

1114 2270 1223 2302 multa
1243 2269 1436 2302 animantia
1454 2268 1607 2301 Basilius
1627 2270 1893 2312 diligentissime
1911 2274 2104 2318 descripse-

1115 2321 1177 2361 rit,
1204 2327 1239 2354 et
1255 2320 1424 2353 Basilium
1448 2326 1586 2353 secutus
1603 2319 1833 2361 Ambrosius,
1861 2325 2007 2357 eandem
2026 2326 2103 2357 ani-

1114 2371 1285 2404 mantium
1303 2369 1488 2404 historiam
1506 2370 1541 2402 in
1559 2372 1781 2406 enarratione
1797 2385 1940 2417 opernm
1958 2388 2013 2408 sex
2029 2377 2102 2408 die-

1113 2434 1190 2456 rum
1221 2434 1309 2465 pene
1334 2422 1375 2454 ad
1404 2421 1549 2454 verbum
1574 2430 1747 2463 recenset,
1781 2425 1950 2470 docetque
1976 2426 2010 2458 in
2036 2427 2104 2460 illis

1113 2473 1290 2517 proposita
1315 2472 1418 2505 nobis
1440 2484 1512 2505 esse
1536 2484 1554 2505 a
1574 2471 1648 2506 Deo
1672 2481 1705 2506 et
1728 2481 1893 2520 tanquam
1914 2477 2002 2520 picta
2022 2479 2101 2521 plu-

1112 2524 1282 2558 rimarum
1315 2523 1488 2556 virtutum
1517 2521 1748 2564 simulachra,
1783 2538 1870 2570 quae
1903 2538 1967 2559 nos
1996 2528 2100 2561 officii

1111 2575 1222 2609 nostri
1251 2575 1493 2609 admonerent.
1554 2573 1815 2619 Turpissimum
1841 2584 1891 2610 est
1917 2578 2009 2610 enim
2036 2576 2099 2610 ho-

1111 2626 1199 2659 mini
1223 2632 1293 2659 tam
1318 2625 1421 2668 longe
1437 2637 1455 2658 a
1472 2636 1533 2659 sua
1553 2633 1678 2659 natura
1697 2627 1924 2669 degenerare,
1951 2635 1988 2661 ut
2005 2640 2022 2660 a
2040 2629 2100 2660 be-

1111 2677 1187 2712 stiis
1211 2676 1315 2710 etiam
1339 2676 1469 2711 virtute
1492 2683 1688 2718 superetur.
1741 2677 1822 2712 Non
1847 2678 1952 2721 igitur
1975 2678 2100 2712 inutile

1499 2727 1572 2759 10*
