2338 2958
235 129 312 166 875

238 224 272 250 et
289 216 365 249 iure
380 213 572 248 laudamus.

239 265 393 310 cognitio
411 263 526 296 verius
541 266 591 294 est
605 259 698 293 inter
712 270 795 302 opes
808 255 982 292 Ecclesiae
998 257 1226 289 numeranda.

340 315 539 350 Redeamus
563 321 644 353 ergo
663 310 705 343 ad
721 308 937 342 Politianum
957 320 1035 340 cum
1052 306 1135 340 Pico
1153 307 1222 340 dis-

240 375 421 402 serentem.
468 362 650 405 Magnum‚
675 359 804 404 inquit,
830 364 1077 391 ornamentum
1093 364 1143 391 est
1158 357 1226 390 viri

239 416 409 451 versantis
434 414 472 447 in
497 411 692 457 Republica
715 410 914 455 eloquentia
940 408 1086 447 Latina,
1120 420 1225 453 quam

239 467 323 502 haec
346 465 494 500 Ebraica
523 462 637 496 studia
664 461 719 494 vel
744 460 960 504 impediunt,
995 459 1051 491 vel
1069 471 1227 491 corrum-

238 524 338 563 punt.
391 515 563 556 'Magnum
589 514 693 545 decus
715 511 908 550 sermonis,
939 509 1168 542 consiliorum
1193 515 1227 542 et

237 569 418 603 actionum
445 565 634 608 elegantia,
667 575 771 607 quam
800 561 953 594 Graecae
984 561 1102 592 literae
1131 560 1222 591 adse-

237 628 337 653 runt:
366 628 531 660 magnum
556 614 744 658 sapientiae
775 613 895 645 lumen
920 616 970 643 est
999 607 1227 653 Philosophia

237 677 271 703 et
298 668 433 703 Graeca
457 665 613 699 historia.
664 663 874 702 Adsentior,
906 662 965 694 sed
994 658 1085 693 nihil
1112 658 1227 693 adhuc

238 722 281 754 de
305 718 482 758 Ecclesia,
510 717 552 749 de
576 715 754 758 agnitione
782 712 861 752 Dei,
895 713 938 744 de
962 711 1227 744 confirmatione

237 771 338 811 fidei,
366 769 451 803 dixit
471 767 678 801 politianus.
735 764 796 797 llla
815 764 890 796 vult
910 762 1002 795 Deus
1024 762 1135 805 prima
1156 773 1227 794 esse

238 822 371 859 studia,
401 831 489 864 quae
504 815 680 851 Ecclesiae
702 814 893 847 necessaria
909 820 1002 845 snut.
1055 811 1228 852 Primum,

237 871 355 917 inquit
369 868 551 911 Christus,
584 867 740 912 quaerite
764 876 910 908 regnum
929 863 1012 904 Dei,
1041 870 1075 897 et.
1094 869 1228 897 caetera

236 922 448 957 adiicientur
463 919 574 951 vobis.

337 971 409 1005 Nec
426 971 472 1004 ita
491 967 689 1014 impediunt
699 965 847 999 Ebraica
865 964 979 997 studia
990 964 1132 997 Latinas
1151 964 1228 996 lite-

236 1036 291 1056 ras
315 1030 348 1057 et
369 1022 543 1060 Graecas,
570 1026 609 1052 ut
632 1030 704 1051 non
729 1016 865 1060 assequi
890 1015 1166 1048 mediocritatem
1190 1014 1228 1046 in

236 1075 314 1107 aliis
332 1073 469 1107 duabus
486 1069 618 1113 linguis
633 1067 739 1102 homo
757 1066 946 1099 studiosius
963 1066 1080 1109 possit.
1111 1064 1227 1107 Quam

237 1126 367 1159 multos
389 1123 483 1157 enim
510 1121 613 1154 etiam
633 1119 756 1153 Latine
780 1118 929 1149 disertos
948 1117 1131 1148 uoniinare
1149 1126 1228 1159 pos-

235 1188 326 1216 sem,
354 1175 415 1219 qui
434 1171 500 1206 hoc
517 1179 674 1214 tempore
699 1169 735 1200 in
760 1166 814 1200 his
842 1167 955 1200 tribus
980 1166 1109 1209 linguis
1134 1173 1166 1199 et
1191 1166 1226 1197 in

235 1227 397 1260 universa
431 1219 662 1264 Philosophia
693 1229 835 1262 operam
863 1218 998 1260 egregie
1030 1216 1229 1249 nav-arunt?

236 1276 288 1310 De
304 1274 504 1308 viventibus
521 1284 594 1305 non
608 1271 733 1309 dicam,
760 1268 820 1313 qni
841 1275 873 1301 et
888 1268 989 1300 multi
1006 1275 1098 1307 sunt,
1125 1266 1228 1299 editis

236 1325 476 1360 monumentis
502 1323 598 1357 clari.
628 1320 787 1366 plerique
813 1317 1018 1364 Grynaeum
1053 1318 1228 1358 novimus,

237 1378 292 1412 cui
316 1377 413 1410 nulla
439 1370 692 1417 Philosophiae
717 1382 795 1414 pars
819 1370 935 1412 ignota
961 1369 1049 1409 fuit,
1082 1376 1115 1402 et
1138 1366 1228 1401 hanc

237 1441 276 1463 ex
297 1427 442 1462 Graecis
458 1425 616 1459 fontibus
635 1421 810 1460 hauserat,
838 1420 1038 1460 Aristotele,
1066 1418 1228 1459 Euclide,

237 1479 394 1519 Galeno,
429 1488 516 1522 quos
540 1473 663 1508 habuit
686 1471 898 1505 notissimos,
961 1470 1144 1519 Scribebat
1165 1483 1228 1503 au-

235 1539 304 1565 tem
331 1537 362 1563 et
387 1539 526 1565 versus,
552 1533 585 1559 et
610 1525 760 1558 solutam
783 1522 979 1555 orationem
1004 1522 1086 1554 satis
1109 1521 1228 1565 splen-

235 1581 328 1615 dide.
381 1579 450 1613 Hic
473 1576 529 1611 his
553 1583 622 1610 tam
648 1574 755 1608 variis
781 1580 814 1606 et
840 1572 1018 1605 immensis
1044 1573 1178 1606 artibus
1196 1578 1229 1605 et

236 1631 367 1675 linguis
390 1628 563 1663 Ebraeam
587 1626 747 1659 addebat.
814 1621 965 1656 Amabat
989 1622 1082 1655 enim
1106 1621 1227 1655 Eccle-

237 1684 323 1716 siam
341 1681 426 1719 Dei,
451 1687 485 1712 et
510 1679 622 1711 sontes
647 1674 828 1708 ‹locu-ime
853 1674 1051 1718 quaerebat.
1108 1672 1228 1717 ltaque

236 1735 329 1767 inter
347 1731 560 1776 precandum
576 1727 708 1771 aliquid
730 1723 877 1758 Ebraire
894 1724 1041 1765 legebat.

338 1781 390 1816 De
408 1779 578 1823 elegantia
603 1776 773 1810 sermonis
799 1787 868 1807 11011
896 1771 951 1806 1110
971 1775 1106 1813 dicam,
1133 1774 1225 1818 quod

237 1833 363 1869 Graeci
383 1833 508 1866 citant:
538 1827 752 1863 Anacharsis
775 1826 864 1869 apud
886 1823 1020 1857 Auicos
1036 1825 1229 1864 soloecizat,

236 1886 347 1920 Solon
373 1896 455 1916 vero
480 1881 571 1925 apud
596 1876 754 1924 Scythas.
817 1876 895 1909 ‘hon
928 1875 1021 1908 enim
1048 1875 1139 1909 valet
1163 1873 1229 1908 hoc

237 1937 368 1969 (lictum
388 1935 422 1967 in
442 1933 661 1966 universum:
695 1927 934 1960 inventionem
954 1933 1076 1959 natura
1095 1926 1229 1959 diiudi-

237 1994 310 2025 cat,
336 1998 373 2018 ac
397 1985 505 2017 inulta
532 1983 575 2014 ab
599 1979 786 2023 ingeniosis
808 1985 836 2010 et
859 1977 1092 2020 prudentibus
1111 1974 1229 2009 homi-

238 2039 358 2077 nibus,
386 2045 587 2081 quanquam
609 2031 736 2075 ignaris
754 2029 908 2062 Graecae.
926 2029 1076 2071 liuguae,
1104 2040 1227 2071 inagna

239 2101 317 2123 cum
336 2093 515 2119 venustate
536 2083 725 2125 excogitata
743 2087 777 2113 et
792 2080 882 2112 dicta
900 2087 992 2111 511111.

341 2136 385 2171 Et
405 2147 584 2181 uunquam
605 2131 774 2176 sapientia
791 2137 839 2163 est
857 2130 932 2162 51110
949 2130 1136 2173 elegantia,
1164 2127 1229 2162 hoc

240 2197 310 2232 est,
336 2189 411 2221 51110
437 2188 495 2220 illa
521 2193 592 2218 arte
619 2185 743 2216 idonea
763 2181 979 2225 temporibus
1005 2194 1041 2213 ac
1063 2180 1230 2224 personis,

240 2252 318 2273 cum
352 2240 466 2283 aliqua
495 2235 663 2277 singulari
697 2232 866 2266 suavitate
891 2232 1046 2266 divendi.
1109 2231 1229 2264 Fuisse

241 2299 354 2324 autem
373 2288 578 2333 sapientiam
596 2287 630 2318 111
643 2281 826 2328 l‘rophetis
842 2283 1079 2319 excellentem,
1095 2282 1230 2325 magni-

241 2343 325 2374 tudo
352 2353 464 2372 rerum
492 2346 664 2379 gestarum
685 2334 849 2368 ostendit.
903 2335 1021 2375 Quare.
1041 2347 1110 2366 111111
1132 2341 1231 2376 111110-

240 2393 284 2425 115
309 2403 427 2424 earum
451 2390 644 2422 orationem
673 2386 839 2419 insulsam
860 2397 948 2416 esse:
983 2386 1041 2417 sed
1063 2391 1096 2417 ut
1118 2385 1229 2428 pictu-

242 2455 315 2477 ram
349 2442 486 2481 longius
520 2440 666 2482 positam
694 2437 848 2469 iudicare
873 2435 1052 2468 dislirilius
1081 2443 1151 2475 est,
1186 2435 1228 2467 ita

244 2493 353 2537 ignari
372 2505 486 2525 rerum
502 2489 672 2523 Ecclesiae
691 2501 762 2520 111111
779 2487 859 2519 satis
879 2488 1008 2524 11110111,
1025 2499 1128 2531 1111;1111
1150 2486 1231 2518 11111-

240 2552 328 2578 sti-es
365 2551 395 2575 et
431 2543 549 2575 dulces
589 2540 754 2581 imagines
790 2545 989 2581 proponant
1025 2534 1232 2580 Prophetae.

241 2594 360 2629 Obvia
378 2600 457 2627 511111
478 2592 608 2635 1111111111·
626 2590 779 2632 exempl.»
799 2589 1059 2625 xcuustissiusa,
1089 2589 1146 2620 sed
1166 2585 1231 2620 lior

241 2658 352 2679 unum
371 2644 535 2678 recitabo.

668 121 830 158 DECL.
868 119 943 156 DE
977 118 1202 156 STUDIO
1235 118 1501 155 LINGUAE
1535 119 1824 158 EBRAEAE.

622 208 690 243 Sed
711 207 890 241 literarum
909 213 943 240 et
962 204 1067 240 buius
1085 206 1225 248 linguae
1251 214 1254 223 ¹

1256 2375 1258 2388 1

2189 122 2262 160 876

1280 205 1339 251 qui
1355 205 1422 238 sibi
1440 205 1582 239 titulum
1594 203 1769 239 Ecclesiae
1782 213 1930 250 arrogat,
1952 207 2076 247 deleta,
2097 206 2264 252 reliquias
2299 214 2307 244 2

1281 262 1504 299 excerpturus
1527 256 1582 292 sit.
1632 254 1734 289 Hanc
1756 257 1962 290 sententiam
1978 269 2083 303 quam
2105 257 2264 292 miranda

1281 307 1432 349 imagine
1448 306 1570 350 pingit.
1623 305 1671 340 Ut
1687 306 1814 351 inquit,
1841 319 1919 340 cum
1936 307 2058 342 vineae
2073 315 2170 342 aestu
2189 319 2266 341 are·

1279 358 1389 390 sactae
1411 369 1483 390 non
1502 363 1584 390 sunt
1605 357 1818 396 foecundae,
1843 358 1903 390 sed
1930 358 2075 401 sparsim
2101 358 2266 403 pauculas
2303 366 2308 402 j

1280 419 1365 441 uvas
1389 414 1603 451 genuerunt,
1637 419 1722 452 quas
1745 408 1890 441 colonus
1911 407 2114 450 inveniens,
2148 417 2266 443 tamen

1281 459 1348 492 sibi
1363 459 1576 502 gratulatur,
1603 458 1783 503 inquiens:
1810 458 1922 492 Nemo
1941 456 2002 491 has
2019 456 2108 492 1111111
2123 460 2267 500 auferat,

1281 516 1340 542 aut
1363 516 1584 553 corrumpat,
1612 509 1693 553 quia
1709 507 1785 542 Deo
1811 509 2036 543 benedicente
2052 516 2153 543 natae
2170 516 2266 544 sunt:

1281 560 1329 592 sic
1347 558 1522 593 Ecclesiae
1543 559 1710 604 reliquiae
1727 560 1978 598 servabuntur,
2005 571 2128 603 magna
2146 560 2267 595 multi-

1282 610 1404 644 tudine
1420 611 1628 644 tristissimis
1644 610 1900 644 calamitatibus
1915 611 2110 654 absumpta.

1383 660 1423 693 ln
1442 659 1506 694 hac
1522 660 1674 704 imagine
1691 673 1795 706 quam
1813 661 1922 694 multa
1939 668 2020 694 sunt
2035 659 2268 695 admiratione

1282 711 1411 754 digna?
1464 711 1625 745 Minatur
1643 711 1886 751 multitudini,
1909 718 1942 745 et
1960 711 2161 745 consolatur
2182 711 2270 755 pios,

1282 769 1315 795 et
1339 769 1459 795 narrat
1483 762 1594 796 Deum
1625 763 1804 795 custodem
1828 762 1920 803 fore,
1959 769 2000 796 ut
2027 762 2159 795 vinitor
2182 773 2269 795 uvas

1282 824 1360 845 suas
1379 813 1488 847 sterili
1506 821 1660 857 tempore
1674 813 1834 847 custodit.
1887 812 1998 857 Saepe
2011 825 2065 846 me
2083 813 2118 846 in
2134 810 2188 846 his
2202 824 2270 857 pu-

1283 864 1383 896 blicis
1405 864 1554 896 miseriis
1577 870 1611 897 et
1634 863 1747 897 ruinis
1775 875 1891 897 rerum
1918 861 2154 898 humanarum
2185 860 2271 896 haec

1284 914 1395 957 imago
1415 915 1628 948 consolatur.
1682 913 1863 958 Elegantia
1883 921 1933 947 est
1959 915 2066 958 igitur
2087 913 2271 958 cogitatio-

1283 977 1367 998 num
1393 971 1425 997 et
1451 966 1638 998 verborum
1663 972 1758 998 tauta
1784 965 1820 997 in
1847 963 2050 1009 Prophetis,
2077 972 2115 999 nt
2134 965 2196 1010 qui
2214 974 2270 998 res

1284 1015 1505 1058 intelligunt,
1531 1027 1603 1049 non
1619 1016 1753 1059 possint
1770 1028 1844 1048 eam
1863 1026 1935 1048 non
1952 1027 2078 1050 amare.

1384 1066 1565 1099 Postremo
1584 1067 1677 1111 quod
1697 1067 1739 1099 de
1757 1067 1925 1110 sapientia
1945 1074 1977 1100 et
2001 1066 2181 1099 barbarica
2196 1063 2270 1100 Re-

1283 1117 1420 1161 publica
1440 1116 1636 1150 Politianus
1652 1117 1751 1157 dixit,
1777 1117 1878 1149 valde
1897 1124 1999 1151 errat.
2034 1116 2154 1161 Longe
2171 1122 2271 1150 ante-

1282 1168 1402 1200 celluit
1433 1169 1523 1200 veris
1548 1168 1765 1200 ornamentis
1789 1168 1984 1211 respublica
2011 1166 2149 1201 Iudaica
2176 1166 2272 1201 Atti-

1283 1231 1355 1250 cae:
1399 1229 1462 1250 nec
1490 1219 1643 1250 concedo
1671 1218 1723 1257 ei,
1760 1218 1944 1257 Solonem,
1983 1216 2270 1255 Themistoclem,

1284 1268 1463 1301 Aristiden
1493 1269 1641 1300 maiores
1663 1268 1757 1301 viros
1786 1268 1910 1308 fuisse,
1938 1267 2070 1309 Moise,
2094 1268 2270 1306 Samuele,

1281 1318 1434 1359 Davide,
1463 1318 1562 1357 Elia,
1590 1317 1728 1357 Ε11500,
1760 1317 1883 1359 Esaia,
1914 1317 2068 1354 Ieremia.
2128 1318 2210 1353 Fuit
2233 1319 2271 1352 in

1282 1369 1426 1403 Graecis
1451 1369 1590 1413 politica
1610 1369 1778 1414 sapientia
1796 1377 1830 1404 et
1850 1381 1973 1412 magna
1993 1370 2124 1411 virtus,
2149 1370 2208 1402 sed
2232 1370 2272 1404 in

1283 1419 1336 1453 his
1366 1420 1495 1454 nostris
1521 1420 1654 1463 agnitio
1678 1421 1762 1461 Dei,
1796 1427 1828 1454 et
1862 1420 2048 1465 peculiaris
2079 1420 2272 1465 sapientiae

1282 1473 1409 1515 gradus
1425 1471 1509 1512 snit,
1536 1483 1602 1516 qua
1621 1483 1674 1504 res
1692 1471 1816 1504 dubias
1835 1478 1869 1505 et
1891 1471 2088 1515 superiores
2105 1468 2272 1505 humanis

1283 1522 1439 1556 consiliis
1463 1529 1495 1555 et
1513 1522 1648 1556 viribus
1676 1523 1896 1555 vocationem
1920 1533 2016 1555 suam
2036 1528 2071 1555 et
2088 1521 2153 1556 Dei
2173 1533 2271 1566 prae-

1282 1573 1429 1606 sentiam
1447 1573 1622 1606 intuentes
1638 1573 1813 1616 gerebant.
1851 1572 1977 1606 Graeci
1997 1573 2049 1606 illi
2064 1573 2136 1607 fere
2151 1583 2273 1608 omnes

1283 1635 1363 1656 suae
1381 1623 1570 1667 sapientiae
1587 1623 1712 1656 fiducia
1730 1624 1823 1664 elati,
1836 1624 1976 1656 tandem
1987 1624 2040 1657 vel
2057 1625 2273 1670 πολυπραγ-

1282 1670 1447 1718 μοσύνῃ,
1476 1675 1529 1706 vet
1552 1674 1804 1717 cupiditatibus
1828 1673 1966 1707 iniustis
1993 1674 2154 1717 impulsi,
2183 1674 2271 1707 civi-

1284 1725 1413 1757 tatibus
1437 1725 1507 1757 suis
1530 1736 1671 1767 magnas
1687 1725 1808 1758 ruinas
1824 1732 2053 1759 attraxerunt.
2105 1722 2148 1758 E·
2168 1722 2272 1759 habet

1283 1774 1396 1807 David
1424 1773 1632 1811 anchoram,
1661 1788 1728 1819 qua
1754 1787 1850 1808 suam
1871 1777 1990 1807 navim
2012 1776 2116 1809 etiam
2131 1787 2273 1820 quassa-

1285 1834 1352 1859 tam
1380 1826 1493 1857 ventis
1525 1833 1553 1859 et
1582 1826 1746 1859 fluctibus
1773 1833 1904 1863 servet,
1943 1827 2097 1869 ignotam
2123 1824 2272 1859 Themi-

1283 1876 1406 1915 stocn,
1434 1875 1581 1918 Pericli,
1609 1883 1641 1909 et
1666 1877 1852 1912 similibus,
1914 1876 1987 1910 Scit
2008 1889 2060 1915 se,
2088 1876 2150 1910 5011
2174 1888 2272 1910 suam

1284 1927 1536 1971 rempublicam
1552 1925 1625 1959 Deo
1645 1939 1747 1960 curae
1765 1940 1854 1960 esse:
1882 1934 1914 1960 et
1938 1925 2001 1961 hac
2019 1939 2077 1971 spe
2098 1939 2160 1961 nec
2183 1928 2273 1961 abii-

1283 1978 1328 2011 cit
1351 1990 1446 2010 arma
1476 1978 1511 2010 in
1535 1978 1688 2010 adversis
1710 1979 1830 2015 rebus,
1859 1990 1922 2011 nec
1935 1979 2063 2011 deserit
2086 1979 2271 2012 stationem

1284 2041 1401 2067 suam,
1428 2030 1486 2061 sed
1508 2029 1618 2061 exitus
1643 2029 1772 2062 faustos
1789 2035 1956 2072 expectat.
2010 2028 2111 2062 llsmc
2136 2030 2274 2074 sapien-

1284 2080 1366 2112 tiam
1400 2080 1568 2112 maiorem
1602 2086 1633 2112 et
1664 2081 1770 2121 inagis
1795 2081 1980 2113 salutarem
2005 2077 2276 2121 'themisto-elea,

1283 2130 1423 2163 discetis
1446 2142 1484 2163 ex
1504 2130 1653 2163 lectione
1670 2129 1822 2175 Reipub.
1844 2130 2018 2170 ludaicae,
2043 2142 2168 2175 quam,
2194 2143 2273 2165 cum

1286 2181 1386 2214 suerit
1407 2179 1561 2214 Ecclesia
1582 2179 1668 2219 Dei,
1695 2194 1766 2214 non
1792 2181 1948 2214 sinamus
1974 2182 2192 2215 barbaricam
2211 2195 2275 2214 vo-

1285 2231 1367 2266 rari.
1421 2231 1514 2264 Haec
1538 2233 1632 2265 enim
1660 2232 1877 2265 domicilium
1906 2232 1971 2266 suit
1991 2232 2181 2274 agnitionis
2197 2231 2274 2273 Dei.

1285 2283 1474 2325 sapientiae
1493 2295 1647 2315 summae
1669 2282 1759 2316 inter
1778 2282 1959 2320 homines,
1988 2284 2194 2327 prudentiae
2211 2296 2275 2328 po-

1286 2334 1412 2372 liticae,
1436 2334 1668 2371 fortitudinis.
1696 2335 1970 2367 castissimorum
1992 2346 2142 2371 morum,
2170 2334 2271 2368 disci·

1256 2420 1258 2425 λ
1286 2385 1419 2428 pliuae,
1450 2392 1479 2417 et
1499 2397 1618 2417 earum
1642 2385 1768 2417 artium
1786 2397 1874 2430 quae
1898 2385 1990 2418 inter
2014 2382 2275 2430 philosophicas

1256 2446 1258 2466 ;
1286 2435 1491 2479 praecipuae
1518 2442 1609 2468 sunt.

1256 2478 1259 2519 ι

1256 2524 1260 2609 1

1664 2435 1732 2469 Sed
1759 2448 1853 2469 1111110
1868 2436 2091 2470 collationem
2116 2436 2273 2480 gentium

1284 2487 1455 2521 (uiduam.

1387 2536 1438 2570 De
1457 2537 1596 2579 linguae
1613 2537 1729 2570 studio
1747 2535 1813 2571 hnc
1832 2550 1892 2571 vos
1907 2550 1970 2571 oro
1988 2545 2018 2570 01
2035 2538 2208 2574 obtestor,
2237 2544 2276 2571 ut

1285 2589 1441 2630 cogitetis
1465 2590 1598 2621 1101111111
1634 2589 1833 2632 linguarum
1861 2590 1897 2622 in
1924 2586 2076 2622 Ecclesia
2102 2588 2275 2622 ‹lixinitus

591 2640 758 2673 Pras-dicit
783 2637 919 2676 lis-nias,
947 2638 1059 2672 Deum
1076 2646 1232 2671 servatu-
1258 2638 1261 2678 ζ
1286 2639 1444 2672 excitari:
1479 2653 1516 2672 ac
1544 2639 1631 2672 velle
1658 2639 1791 2677 Deum.
1826 2646 1863 2673 nt
1888 2646 2005 2673 nostra
2030 2639 2213 2680 diligentia
2238 2638 2273 2672 id
2311 2667 2315 2673 .

243 2709 321 2730 rum
347 2708 418 2729 esse
446 2706 543 2730 suos,
579 2693 635 2725 sed
662 2692 726 2729 ita,
761 2698 795 2723 ut
824 2703 946 2733 [inagna
975 2698 1070 2734 parte
1099 2689 1234 2735 populi,
1258 2681 1262 2725 l
1288 2702 1415 2723 munus
1451 2697 1630 2731 tueamur,
1669 2698 1703 2724 ut
1736 2691 1851 2725 laudat
1886 2702 2022 2729 servos,
2052 2691 2112 2735 qui
2146 2690 2273 2724 talenta
