2338 2958
131 140 224 175 1001

127 225 269 268 linguae
284 223 532 267 cognitionem,
553 223 613 256 sed
630 223 733 257 etiam
748 225 790 257 ad
810 220 1011 267 prophetica
1029 221 1114 254 scri-

127 282 186 319 pta
216 274 347 308 maiore
377 285 459 307 cura
491 274 744 307 consideranda
775 273 956 313 invitavit,
986 271 1114 305 deinde

128 325 226 358 cerni
250 330 361 367 potest
392 324 428 356 in
457 321 521 357 hac
547 321 711 364 historia,
743 324 856 368 qualis
883 323 988 356 suerit
1012 329 1114 360 aetas,

127 386 278 420 quorum
295 374 467 408 industria
483 374 629 407 excitata
645 374 715 407 sint
732 375 932 417 linguarum
946 373 1061 406 studia
1077 372 1111 404 in

127 424 239 464 Italia,
267 423 385 458 Gallia
412 431 444 457 et
467 422 669 460 Germania.
721 423 801 458 Erit
819 422 884 458 hoc
902 435 1042 469 quoque
1060 422 1113 456 iu-

126 476 281 508 cundum
305 475 559 519 aliquantisper
582 487 600 508 a
626 476 867 518 praesentibus
886 473 1035 507 miseriis
1052 473 1114 505 ab-

126 525 207 558 duci
224 532 356 558 mentes
373 526 414 558 ad
434 525 529 558 illius
546 525 643 558 aurei
661 526 768 558 seculi
787 523 1114 562 considerationem,

126 575 243 620 inquo
261 582 331 609 tam
348 575 448 608 multi
469 576 561 608 docti
581 575 647 608 viri
663 576 768 609 simul
785 576 959 614 vixerunt,
985 573 1114 618 quibus

125 633 269 669 propter
290 626 512 659 concordiam
533 633 566 659 et
583 626 653 659 vita
672 632 705 659 et
730 626 844 659 studia
862 624 1018 658 dulciora
1037 624 1114 656 fue-

125 683 228 715 runt,
270 676 400 720 quique
432 687 575 720 operam
605 677 649 709 ad
683 676 910 710 illustrandas
937 674 1114 708 doctrinas

125 732 284 760 amanter
301 726 539 761 contulerunt.

225 801 348 835 Dicam
367 808 482 835 autem
500 801 602 835 initio
621 801 775 835 breviter
792 803 833 835 de
851 802 962 846 patria
981 807 1013 835 et
1029 802 1114 834 ado-

126 852 289 885 lescentia
313 851 432 896 ipsius.
482 849 667 895 Oppidum
684 860 734 885 est
750 853 886 885 celebre
912 864 1015 896 supra
1033 851 1114 895 Spi-

125 914 220 940 ram,
245 900 402 942 Phorce,
428 902 527 934 cuius
548 913 678 934 nomen
705 903 767 935 etsi
786 901 921 946 Capnio
946 903 1072 935 ludens
1095 914 1112 933 a

124 963 244 995 graeca
262 952 397 995 origine
414 952 579 992 ducebat,
605 958 721 984 tamen
738 964 817 985 vere
834 959 883 986 est
899 951 1003 985 Porta
1021 950 1111 983 Har-

124 1002 248 1037 ciniae.
300 1000 364 1036 Est
387 1003 481 1035 enim
504 1014 521 1035 a
545 1001 648 1046 Spira
671 1003 714 1035 ad
739 1001 880 1048 Sylvam
898 1001 1111 1035 'Martianam

123 1052 311 1085 accessuris
328 1054 462 1096 primus
480 1053 606 1086 aditus.
656 1051 723 1085 Per
740 1053 774 1085 id
793 1053 962 1096 oppidum
980 1053 1113 1085 flumen

124 1103 300 1136 mediocre
316 1101 445 1137 Eutius
464 1103 613 1142 labitur,
641 1104 734 1146 quod
755 1115 833 1135 cum
859 1103 936 1135 aliis
959 1102 1112 1146 piscibus

124 1153 300 1194 abundat,
333 1160 408 1187 tum
431 1165 514 1185 vero
535 1150 692 1194 Phagros
724 1153 862 1197 copiose
892 1153 1019 1195 gignit,
1051 1152 1111 1197 qui

123 1211 242 1236 nostra
259 1203 378 1245 lingua
399 1203 630 1235 nominantur
648 1201 778 1245 (tmen,
806 1210 836 1235 et
862 1203 1016 1236 influunt
1040 1204 1110 1235 duo

122 1253 269 1285 flumina
292 1253 329 1285 in
347 1251 493 1287 Entinm
517 1254 559 1285 ad
583 1254 732 1288 moenia.
786 1252 958 1286 WVormia
985 1260 1017 1286 et
1038 1252 1110 1285 Na-

122 1303 235 1346 golta,
260 1304 320 1348 qni
345 1304 484 1347 copiose
509 1304 657 1346 gignunt
676 1302 835 1338 Auratas.
887 1302 933 1336 Et
953 1304 1111 1336 amoeni-

122 1361 227 1386 tatem
253 1361 379 1396 augent
403 1354 516 1397 ripae,
552 1361 647 1396 prata
673 1361 704 1387 et
729 1354 837 1386 vicini
862 1361 1015 1394 montes,
1047 1354 1110 1387 ubi

122 1403 237 1437 aditus
253 1410 303 1437 est
320 1404 356 1436 in
372 1405 504 1449 sylvam
521 1404 746 1446 Martianam‚
773 1412 806 1438 et
822 1404 858 1436 in
877 1405 985 1437 altero
1002 1404 1109 1437 latere

121 1466 285 1497 agrorum
305 1454 522 1487 foecunditas
540 1462 570 1488 et
588 1452 693 1490 horti,
747 1453 794 1488 Ut
813 1461 926 1488 autem
945 1455 1010 1487 alia
1027 1462 1109 1487 sunt

121 1505 231 1538 multa
249 1505 368 1548 oppidi
394 1512 617 1544 ornamenta,
645 1505 691 1537 ita
715 1505 893 1538 literarum
917 1503 1034 1537 schola
1060 1505 1107 1536 ibi

121 1555 339 1599 frequentior
363 1566 498 1598 semper
516 1555 601 1593 suit,
629 1567 733 1599 quam
757 1555 792 1588 in
810 1555 888 1587 aliis
904 1555 1028 1587 vicinis
1045 1567 1109 1598 op-

121 1605 225 1648 pidis.
278 1604 331 1637 lbi
365 1617 404 1637 ex
436 1607 637 1648 parentibus
662 1603 816 1638 honestis
839 1604 974 1649 Capnio
1006 1612 1109 1638 natus

121 1663 191 1696 est,
218 1667 256 1688 ac
273 1655 414 1688 fratrem
433 1653 557 1689 habuit
573 1655 795 1700 Dionysium,
821 1662 854 1688 et
869 1667 1024 1688 sororem
1043 1652 1108 1688 ho-

120 1711 253 1738 nestam
280 1712 496 1746 matronam,
533 1717 621 1750 quae
650 1718 721 1738 non
754 1706 799 1739 ita
826 1706 936 1738 multo
960 1712 1041 1738 ante
1069 1718 1108 1738 ex

120 1753 186 1788 hac
201 1755 271 1788 vita
293 1756 451 1789 decessit.
502 1755 667 1789 Parentes
692 1763 729 1789 nt
752 1763 850 1790 erant
866 1763 1020 1789 amantes
1036 1756 1108 1788 vir-

121 1806 204 1838 tutis
229 1811 261 1837 et
277 1806 477 1846 doctrinae,
506 1806 595 1839 filios
612 1813 822 1839 curaverunt
839 1807 958 1838 doceri
980 1807 1108 1839 literas.

119 1855 209 1889 Cum
225 1861 341 1888 autem
362 1854 511 1888 loannes
528 1862 612 1888 natu
630 1857 742 1888 maior
756 1868 839 1888 voce
855 1856 996 1896 valeret,
1014 1863 1108 1899 post-

120 1917 226 1950 quam
251 1905 350 1937 initia
367 1905 525 1938 Musicae
539 1905 682 1944 didicit,
711 1906 746 1938 in
773 1905 919 1947 collegio
943 1907 1018 1939 eius
1042 1919 1107 1950 op-

120 1956 195 1999 pidi
213 1955 399 1989 adiunctus
415 1963 464 1988 est
481 1955 772 1999 adolescentibus,
801 1956 861 2000 qui
879 1963 917 1989 ut
933 1957 1053 1990 multis
1069 1958 1106 1990 in

119 2006 205 2040 locis
221 2018 298 2039 mos
310 2006 397 2046 fuit,
423 2006 532 2039 multa
552 2006 758 2050 praecinunt
775 2006 809 2038 in
831 2007 973 2050 templo.
1019 2006 1106 2041 Inde

119 2056 158 2090 in
183 2057 299 2090 aulam
326 2055 523 2090 Badensem
552 2057 594 2089 ad
625 2054 895 2101 symphoniacos
923 2058 1107 2092 accersitus

118 2113 180 2150 est,
198 2107 274 2148 ubi,
291 2107 373 2152 quia
385 2106 661 2140 Grammaticam
679 2107 805 2140 melius
818 2107 985 2142 didicerat
1001 2121 1106 2153 quam

118 2157 198 2198 alii,
232 2158 348 2191 statim
377 2158 563 2191 adiunctus
592 2165 641 2191 est
666 2157 878 2190 adolescenti
903 2157 1106 2193 Marcbioni

118 2207 292 2247 Badensi,
320 2216 353 2243 et
368 2209 550 2254 aliquanto
568 2215 646 2253 post
661 2220 739 2241 cum
765 2220 805 2242 eo
821 2208 946 2242 missus
966 2216 1016 2243 est
1033 2209 1107 2244 Lu-

118 2265 249 2293 tetiam.

194 2331 290 2366 Haec
306 2332 406 2365 initia
424 2333 566 2367 suerunt
583 2332 780 2367 studiorum
797 2333 999 2377 puerilium,
1018 2347 1106 2379 quae

117 2383 261 2427 adparet
277 2383 445 2426 singulari
461 2384 608 2417 consilio
621 2383 686 2416 Dei
704 2385 895 2427 gubernata
914 2395 996 2417 esse.
1025 2384 1107 2420 Fuit

119 2434 213 2479 enim
245 2433 433 2477 singularis
464 2435 653 2474 foelicitaS,
690 2441 772 2468 tunc
798 2436 1001 2479 praesertim
1027 2448 1106 2469 cum

117 2484 350 2517 Germanicae
368 2483 575 2518 Academiae
591 2485 797 2526 agrestiores
821 2493 953 2526 essent,
986 2487 1106 2520 venire

116 2534 155 2567 in
187 2535 285 2567 illam
319 2535 514 2580 principem
541 2535 766 2568 Academiam
793 2536 888 2569 orbis
921 2543 1107 2578 terrarum,

117 2596 205 2629 quae
240 2592 323 2619 tunc
359 2586 462 2620 etiam
498 2584 618 2619 Italiae
657 2586 896 2620 antecellebat.
952 2585 1105 2622 Venerat

116 2635 210 2668 enim
227 2636 407 2681 aliquanto
431 2644 511 2670 ante
529 2636 721 2679 Gregorius
736 2635 899 2670 Tifernas
916 2637 1104 2680 Lutetiam,

116 2686 178 2731 qui
209 2697 273 2720 suo
298 2688 446 2721 consilio
471 2689 513 2721 ad
537 2687 724 2722 Rectorem
750 2687 909 2730 accessit,
942 2695 975 2722 et
1005 2700 1102 2723 suam

655 135 817 174 DECL.
851 135 926 172 DE
953 134 1249 172 CAPNIONE
1282 134 1629 173 PHORCENSt.

2064 143 2160 178 1002

1167 233 1308 266 operam
1331 220 1539 256 Academiae
1555 223 1686 257 obtulit
1709 223 1746 256 in
1765 224 1920 257 docenda
1943 235 2063 266 graeca
2087 227 2157 259 tin-

1167 283 1252 314 gua,
1285 285 1324 306 ac
1350 273 1566 317 stipendium
1590 274 1658 307 sibi
1679 274 1789 308 tribui
1814 275 2026 318 postulavit,
2063 277 2156 309 iuxta

1167 323 1345 356 decretum
1368 324 1461 368 quod
1491 330 1582 357 extat
1613 324 1651 356 in
1677 324 1752 358 iure
1777 325 1969 368 pontificio,
2027 324 2156 359 Rector

1167 373 1231 405 etsi
1253 374 1399 406 miratus
1425 380 1474 407 est
1495 371 1650 407 hominis
1676 375 1850 418 peregrini
1876 375 2076 415 audaciam,
2104 383 2156 408 ta-

1166 435 1247 455 men
1261 425 1304 456 ad
1323 424 1510 456 consilium
1527 425 1657 457 retulit.
1701 424 1752 457 lbi
1771 426 1911 459 laudata
1929 432 1978 458 est
1994 426 2155 459 voluntas

1168 472 1361 506 Tifernatis
1385 480 1418 506 et
1439 475 1616 506 decretum
1635 475 1848 518 stipendium
1862 503 1870 515 ‚
1899 482 1929 508 et
1953 488 2072 517 graece
2091 478 2155 508 do-

1167 535 1243 556 cere
1267 523 1380 556 iussus
1405 530 1465 556 est.
1519 523 1568 557 Ita
1593 535 1712 566 graeca
1737 526 1855 567 lingua
1879 526 2053 559 Lutetiam
2077 533 2154 570 post

1167 573 1278 607 multa
1295 574 1409 607 secula
1426 585 1546 607 rursus
1564 574 1699 607 invecta
1717 582 1777 608 est.

1269 674 1488 709 Successerat
1524 682 1640 709 autem
1677 674 1853 709 Tifernati
1891 674 2153 721 Hermonymns

1167 723 1358 768 Spaniam,
1386 723 1480 759 hunc
1497 726 1698 758 adolescens
1716 724 1852 769 Capnio
1867 726 2020 767 audivit,
2048 739 2064 759 a
2084 740 2152 771 qno

1167 775 1272 808 etiam
1303 782 1447 809 venuste
1476 776 1617 820 pingere
1644 776 1825 809 literarum
1859 777 1984 819 figuras
2018 778 2153 816 didicit,

1167 837 1234 870 qua
1252 825 1426 859 industria
1443 827 1536 859 venit
1556 827 1593 858 in
1615 827 1806 860 multorum
1826 827 2011 865 noticiam,
2040 834 2070 860 et
2095 841 2154 871 pe-

1168 877 1298 910 culium
1316 877 1459 921 paravit.
1513 875 1685 911 Petebant
1707 878 1800 910 enim
1824 877 1927 911 multi
1945 878 2093 911 describi
2110 880 2154 911 ab

1168 926 1242 969 ipso
1267 928 1490 969 grammatica
1513 927 1701 968 elementa,
1729 935 1761 961 et
1786 928 1927 971 paginas
1950 927 2097 961 Homeri
2122 935 2154 961 et

1169 975 1329 1010 Isocratis
1344 977 1404 1022 qui
1422 979 1687 1012 enarrabantur.
1749 977 1884 1011 Interea
1903 979 2007 1011 simul
2027 979 2062 1011 in
2083 979 2154 1012 lin-

1149 1037 1232 1070 .gua
1254 1027 1363 1061 latina
1387 1034 1419 1060 et
1438 1028 1474 1060 in
1494 1029 1682 1061 dialecticis
1698 1026 1898 1061 Aristotelis
1921 1030 2154 1069 exercebatur,

1167 1089 1255 1121 quae
1281 1078 1328 1111 ita
1351 1079 1501 1121 perfecte
1525 1078 1667 1118 didicit,
1698 1085 1736 1112 ut
1759 1090 1862 1112 senex
1887 1079 1990 1112 etiam
2013 1081 2055 1112 ad
2076 1092 2153 1112 ver-

1165 1128 1250 1161 bum
1274 1128 1396 1171 longas
1417 1126 1616 1161 Aristotelis
1642 1128 1830 1162 sententias
1857 1130 2002 1162 recitare
2027 1137 2152 1173 posset.

1166 1177 1314 1223 Aliquot
1334 1179 1442 1221 igitur
1458 1191 1570 1211 annos
1591 1180 1679 1212 bene
1699 1180 1853 1212 excultus
1870 1180 2152 1213 doctissimorum

1165 1226 1351 1261 hominum
1383 1229 1634 1262 consuetudine
1661 1229 1838 1270 Lutetiae,
1874 1231 1942 1263 iam
1976 1230 2151 1273 ingressus

1164 1290 1296 1312 annum
1322 1279 1527 1312 vicesimum
1552 1280 1643 1313 redit
1665 1279 1701 1311 in
1729 1279 1975 1321 Germaniam,
2003 1287 2034 1313 et
2051 1280 2151 1313 Basi-

1164 1331 1237 1363 leae
1262 1327 1456 1370 Magisterii
1484 1327 1721 1373 philosophici
1752 1331 1862 1372 gradu
1892 1338 2054 1372 ornatus,
2085 1332 2151 1364 do-

1164 1392 1239 1414 cere
1255 1380 1306 1413 ibi
1320 1379 1478 1424 linguam
1493 1380 1637 1413 latinam
1652 1387 1684 1414 et
1701 1392 1858 1423 graecam
1874 1381 1981 1424 cepit,
2009 1379 2151 1415 habuit—

1163 1442 1231 1475 que
1256 1430 1372 1463 studia
1400 1431 1579 1463 seniorum
1612 1437 1647 1464 et
1678 1431 1859 1464 iuniorum
1888 1444 1959 1464 non
1984 1433 2150 1475 vulgaria.

1162 1480 1298 1514 Eodem
1331 1487 1488 1524 tempore
1521 1481 1616 1514 veuit
1646 1480 1819 1514 Basilcam
1843 1482 1897 1514 vir
1930 1483 2152 1516 doctissimus

1164 1530 1352 1564 WVesselus
1368 1530 1503 1564 Frisius
1524 1532 1645 1574 pulsus
1663 1531 1822 1573 Lutetia,
1850 1539 2031 1577 propterea
2056 1535 2150 1577 quod

1162 1593 1298 1614 errores
1314 1582 1483 1626 quosdam
1504 1579 1767 1624 'theologorum
1785 1588 1941 1615 taxasset.
1975 1581 2062 1616 Eius
2083 1583 2149 1615 viri

1163 1631 1363 1674 ingenium,
1393 1630 1629 1664 eruditionem
1657 1639 1688 1665 et
1707 1632 1912 1674 gravitatem
1932 1634 2032 1666 valde
2051 1646 2149 1677 prae-

1162 1682 1301 1715 dicabat
1325 1680 1481 1727 CapniO,
1512 1693 1615 1726 quem
1640 1683 1782 1726 quidem
1806 1690 1896 1716 recte
1922 1684 1964 1716 de
1989 1696 2028 1716 eo
2055 1684 2149 1717 indi-

1161 1744 1272 1772 casse,
1308 1744 1403 1765 nunc
1424 1732 1527 1764 editis
1551 1731 1708 1765 &Vesseli
1732 1733 1869 1776 scriptis
1895 1734 2020 1767 melius
2044 1735 2147 1767 intel-

1161 1783 1221 1825 ligi
1236 1789 1357 1827 potest.
1412 1781 1464 1815 lbi
1483 1782 1576 1814 enim
1604 1794 1656 1815 res
1682 1784 1852 1824 ostendit,
1879 1791 1912 1817 et
1930 1784 1965 1817 in
1985 1782 2148 1817 Philoso-

1161 1831 1244 1877 phia
1265 1833 1472 1866 excellenter
1489 1832 1664 1865 eruditum
1684 1833 1807 1874 fuisse,
1835 1835 1926 1867 etde
1951 1836 2077 1877 gratia,
2105 1838 2148 1868 de

1161 1883 1298 1917 iusticia
1314 1883 1415 1923 fidei,
1440 1883 1483 1918 de
1501 1883 1734 1926 poenitentia,
1761 1885 1804 1917 de
1820 1884 2022 1918 discrimine
2045 1886 2149 1918 disci-

1162 1934 1279 1978 plinae
1302 1941 1336 1968 et
1369 1933 1658 1976 regenerationis,
1699 1934 1742 1966 de
1769 1941 1939 1979 potestate
1970 1937 2149 1980 episcopo-

1160 1997 1259 2023 rum,
1285 1985 1328 2017 de
1347 1983 1551 2016 discrimine
1575 1982 1762 2017 ministerii
1787 1985 1996 2029 evangelici,
2030 1993 2062 2020 et
2087 1999 2149 2030 po-

1161 2036 1275 2069 liticae
1298 2034 1563 2078 gubernationis
1591 2045 1732 2077 prorsus
1757 2047 1948 2078 congruere
1973 2037 2046 2070 eius
2069 2049 2148 2070 sen-

1161 2086 1287 2121 tentias
1309 2097 1388 2118 cum
1414 2096 1498 2117 voce
1527 2082 1685 2118 Lutlieri.
1744 2084 1891 2120 Colebat
1920 2094 2034 2121 autem
2064 2090 2150 2120 ado-

1161 2138 1292 2170 lescens
1308 2134 1444 2178 Capnio
1461 2145 1577 2167 senem
1597 2134 1817 2177 VVesselum,
1844 2149 1883 2169 co
1902 2138 2033 2171 maiore
2050 2149 2150 2171 reve-

1161 2187 1290 2227 rentia,
1311 2185 1393 2230 quia
1409 2196 1488 2217 eum
1503 2191 1602 2218 antea
1620 2185 1777 2219 Lutetiae
1792 2194 1947 2228 noverat,
1974 2195 2006 2222 et
2022 2201 2100 2221 cum
2118 2189 2148 2221 ei

1160 2236 1342 2271 familiaris
1359 2242 1459 2275 esset,
1484 2235 1657 2269 elementa
1674 2237 1812 2279 linguae
1828 2235 1964 2272 Ebreae
1979 2239 2022 2271 ab
2038 2251 2078 2272 eo
2095 2239 2150 2271 di·-

1161 2288 1258 2322 dicit.
1310 2285 1483 2319 Narrabat
1517 2292 1632 2318 autem
1669 2285 1742 2330 ipse
1776 2286 1911 2330 Capnio
1941 2287 2146 2323 NVesselum

1161 2337 1376 2372 hortatorem
1408 2335 1476 2368 sibi
1508 2335 1634 2376 fuisse,
1667 2342 1706 2369 ut
1736 2337 1938 2371 adolescens
1964 2338 2001 2371 in
2027 2351 2146 2382 graeca

1160 2390 1280 2432 lingua
1296 2385 1428 2420 diutius
1447 2397 1482 2418 se
1503 2392 1685 2419 exerceret.
1734 2384 1823 2420 Eius
1844 2389 1893 2420 rei
1918 2389 2062 2423 facultas
2079 2389 2147 2422 Ba-

1160 2440 1264 2473 sileae
1287 2443 1378 2477 erat,
1412 2436 1493 2480 quia
1517 2436 1565 2468 ibi
1589 2447 1729 2478 graecos
1745 2437 1874 2477 libros,
1901 2451 1988 2483 quos
2012 2439 2146 2484 Synonli

1160 2497 1314 2534 tempore
1337 2499 1378 2520 eo
1401 2485 1533 2520 adferri
1555 2487 1688 2520 curavit
1706 2486 1871 2521 Nicotaus
1886 2488 2064 2527 Cusanus,
2092 2491 2147 2521 in-

1159 2540 1290 2586 spicere
1314 2544 1347 2571 et
1363 2537 1560 2570 describere
1585 2543 1732 2581 poterat.
1783 2537 1836 2572 Eo
1853 2547 2007 2583 tempore
2028 2539 2147 2572 etsta-

1158 2599 1227 2625 trcs
1242 2584 1471 2625 Amorbachii
1486 2587 1664 2622 officinam
1680 2588 1967 2634 typographicam
1985 2589 2148 2631 institue-

1157 2649 1259 2679 runt,
1293 2639 1354 2686 qui
1381 2650 1459 2672 cnm
1482 2638 1672 2672 desiderari
1697 2639 1858 2673 viderent
1885 2640 2033 2673 latinum
2065 2638 2146 2674 ὄνο-

1153 2691 1353 2737 μαστικὸν,
1381 2687 1518 2733 Capnio
1540 2689 1670 2724 librum
1695 2690 1832 2733 collegit
1857 2690 1912 2724 cui
1936 2690 2059 2724 titulus
2083 2698 2147 2724 est:
