2338 2958
80 143 152 178 649

179 224 395 260 Deliberanti
410 231 524 258 autem
541 222 629 257 mihi
656 225 699 257 de
721 232 926 267 argumento
952 224 1049 270 (nam

79 279 225 310 intanta
240 286 355 308 rerum
377 275 635 318 copiaynecesse
657 283 704 309 est
732 275 817 308 alias
839 275 942 307 aliam
966 287 1048 318 pro-

78 327 160 371 poni
181 325 372 365 materiam,
399 336 461 357 nec
477 325 581 357 simul
600 325 668 357 dici
689 326 805 357 omnia
822 330 983 368 possunt)
998 324 1049 357 vi-

79 388 152 409 sum
169 381 218 408 est
234 376 275 407 de
289 374 487 408 Aristotelis
506 375 574 408 vita
590 382 619 407 et
634 372 860 418 Philosophia
880 375 1048 419 quaedam

76 426 198 459 dicere.
258 423 403 458 Prodest
427 425 534 465 enim,
569 425 703 458 deditos
729 423 882 458 honestis
906 425 1049 465 artibus,

75 476 127 509 sui
145 486 305 519 quenque
323 475 457 517 generis
472 476 618 508 artifices
635 487 753 513 nosse,
789 482 821 508 et
837 487 957 507 eorum
975 481 1048 507 stu-

75 525 130 558 dia
148 531 181 558 et
201 525 329 557 iudicia
346 525 577 559 considerare.
620 526 670 558 Ac
687 525 715 558 si
736 525 892 568 voluptas
910 524 1047 568 quaeri-

74 582 150 615 tur,
177 586 238 607 vos
253 587 373 607 omnes
390 576 535 618 experiri
562 573 627 607 hoc
650 575 817 613 arbitror,
851 572 941 606 nihit
968 574 1047 606 dul-

74 624 147 658 cius
166 635 237 656 esse
263 637 367 668 quam
393 631 509 658 mente
534 623 660 658 intueri
686 624 779 657 viros
803 624 1048 657 antecellentes

72 675 223 714 virtute,
258 675 293 706 in
312 675 438 719 quibus
455 675 551 719 quasi
571 675 680 716 ipsam
705 674 874 707 virtutum
901 674 1047 716 effigiem

72 731 225 768 spectare
243 736 305 757 nos
323 726 501 758 sentimus.
562 723 757 766 Sapientis,
792 724 892 762 iusti,
927 724 1047 757 mode-

0 772 3 811 ζ
24 811 29 815 ,
70 775 156 815 rati,
190 775 397 813 constantis,
430 774 572 807 benefici
595 774 763 817 principis
786 775 973 817 imaginem
996 780 1048 807 at-

71 836 139 868 que
156 825 268 857 ideam
286 825 492 866 cogitamus,
521 836 597 856 cum
617 821 812 866 Augustum
839 825 940 857 nobis
962 836 1047 869 pro—

69 874 250 917 ponimus:
276 886 314 907 ac
332 874 470 907 interim
489 874 607 918 quales
623 874 691 906 sint
708 874 787 907 illae
805 875 918 914 dotes,
946 875 1047 918 quale

70 924 189 957 lumen
206 925 249 956 sit
263 924 440 967 sapientia,
458 923 570 968 qualis
583 924 770 969 aequalitas
786 925 928 963 iustitia,
946 924 1046 968 quale

68 975 206 1006 frenum
232 974 416 1011 ,variorum
450 975 648 1007 adfectuum
683 974 753 1008 sint
786 974 979 1007 moderatio
1014 981 1047 1007 et

69 1023 262 1056 constantia
281 1032 489 1066 reputemus.
546 1022 640 1066 Ergo
671 1024 699 1056 si
725 1025 886 1068 voluptas
909 1031 1045 1058 tantum

69 1071 133 1106 hac
150 1075 479 1107 commemoratione
495 1081 727 1119 quaereretur,
747 1082 862 1107 tamen
879 1073 963 1107 hacc
981 1072 1045 1106 ho-

69 1130 162 1156 uesta
180 1131 212 1156 et
232 1121 372 1156 homine
390 1125 493 1166 digna
511 1124 713 1163 oblectatiO,
751 1136 823 1156 non
841 1124 1043 1166 negligenda

69 1179 163 1207 esset.
230 1173 329 1206 Nunc
357 1186 433 1206 cuin
470 1175 512 1207 ad
549 1173 637 1206 hanc
674 1175 879 1208 suavitatem
913 1174 1045 1207 utilitas

67 1234 191 1265 magna
225 1224 384 1263 accedat,
436 1221 601 1257 historiae
634 1235 842 1268 magnorum
886 1224 1042 1256 virorum

67 1273 178 1306 multo
198 1273 335 1306 avidius
362 1276 574 1316 appetendae
599 1280 689 1307 sunt.
754 1272 913 1306 Breviter
939 1273 1045 1315 igitur

68 1324 110 1356 de
126 1323 196 1356 vita
214 1322 413 1356 Aristotelis
425 1350 433 1363 ,
460 1331 576 1367 postea
592 1324 634 1355 de
652 1334 776 1365 genere
795 1321 1043 1366 Philosophiae

68 1374 192 1406 dicam.

168 1421 278 1455 Natus
296 1428 344 1455 est
356 1420 556 1455 Aristotcles
574 1423 610 1454 in
621 1421 838 1464 Macedonia,
865 1430 960 1467 patre
973 1435 1042 1456 me-

67 1472 146 1505 dico
173 1472 261 1514 regis
285 1471 472 1516 Amyntae.
542 1471 593 1505 Ac
615 1473 805 1506 inultorum
836 1474 1043 1506 testimoniis

69 1528 213 1562 constat,
240 1534 346 1563 genus
364 1522 436 1554 eius
455 1523 497 1554 ah
509 1521 721 1566 Hippocrate
738 1530 854 1556 ortum
872 1535 953 1562 esse,
982 1523 1041 1566 qui

68 1579 101 1605 et
118 1572 240 1615 ipsein
260 1569 439 1604 Thessalia
457 1572 517 1604 diu
534 1573 638 1609 vixit,
671 1579 703 1605 et
728 1574 874 1616 posteris
899 1573 970 1605 suis
991 1573 1041 1605 ibi

67 1622 182 1655 sedem
200 1633 238 1654 ac
253 1622 467 1654 domicilium
484 1621 674 1657 constituit.
703 1621 810 1655 Vetus
825 1629 940 1655 autem
958 1633 1041 1655 con-

66 1673 213 1705 suetudo
230 1671 315 1714 suit,
343 1671 378 1703 in
398 1670 537 1704 familiis
554 1672 724 1705 artificum
744 1672 887 1705 retineri
904 1679 937 1705 et
962 1684 1042 1715 pro-

65 1721 184 1765 pagari
209 1721 318 1754 avitas
340 1728 440 1754 artes.
503 1720 552 1754 lta
576 1722 769 1754 medicinae
791 1722 1040 1766 possessionem

65 1770 288 1815 Hippocratis
313 1771 494 1814 posteritas
515 1771 576 1804 diu
600 1771 756 1805 retinuit.
816 1770 863 1805 Et
885 1771 1041 1804 Galenus

66 1822 199 1866 inquit:
244 1820 325 1853 Ideo
358 1821 419 1853 diu
449 1833 520 1852 non
553 1832 623 1853 esse
652 1821 796 1864 scriptas
825 1819 1042 1861 Anatomias,

65 1872 157 1917 quod
179 1870 397 1903 institutione
408 1870 593 1903 domestic-i
612 1871 653 1902 ad
671 1870 904 1913 inspiciendas
917 1871 1041 1903 sectio-

66 1933 129 1954 nes
151 1921 319 1954 artificum
346 1920 446 1952 liberi
471 1919 554 1952 olim
581 1920 768 1953 adsuefacti
791 1920 870 1955 sint.
923 1920 1042 1962 Quare

65 1978 97 2004 et
114 1983 153 2004 ex
169 1970 275 2003 veteri
290 1969 349 2003 illa
366 1970 636 2009 consuetudine,
661 1977 694 2002 et
709 1982 747 2003 ex
765 1970 889 2003 studiis
905 1969 1039 2003 Aristo-

65 2022 161 2061 telis,
209 2032 297 2065 quae
322 2027 436 2063 postea
460 2026 574 2052 secuta
597 2027 698 2059 sunt,
747 2020 895 2054 iudicari
919 2027 1041 2064 potest,

65 2072 159 2105 domi
178 2071 431 2103 adolescentem
451 2068 672 2113 Hippocratis
689 2070 846 2102 doctrina
865 2070 1039 2103 imbutum

65 2133 147 2154 esse.
199 2120 286 2154 Nam
305 2132 322 2152 a
343 2127 436 2164 patre
459 2120 669 2153 destinatum
693 2131 764 2152 esse
790 2120 941 2153 medicae
963 2121 1041 2160 arti,

65 2172 148 2204 inde
162 2171 320 2214 adparet,
347 2171 439 2214 quod
464 2170 583 2203 scribit
601 2167 801 2202 Athenaeus
826 2170 883 2205 lib.
901 2171 932 2205 8.
956 2172 1040 2204 ado-

65 2221 248 2255 lescentem
265 2217 413 2253 Athenis
430 2217 732 2263 pharmacopolam
751 2220 866 2255 fuisse.

168 2269 274 2302 Venit
289 2278 402 2303 autem
421 2268 574 2303 Athenas
597 2278 699 2303 natus
723 2281 834 2302 annos
859 2272 1039 2313 septende-

65 2322 144 2354 cim.
195 2319 327 2352 Didicit
343 2320 448 2362 igitur
463 2320 660 2352 adolescens
676 2317 866 2364 Physicen,
897 2321 1039 2353 morbo-

64 2383 142 2404 rum
161 2381 280 2403 causas
297 2376 329 2402 ct
347 2370 507 2409 remedia,
528 2371 723 2412 plantarum
739 2377 770 2402 et
787 2370 932 2402 aliarum
948 2371 1038 2403 mul-

64 2427 177 2454 tarum
196 2432 310 2453 rerum
328 2420 521 2452 salubrium
541 2426 690 2452 naturas.
731 2419 824 2453 Haec
842 2420 1037 2454 rudimenta

65 2482 268 2514 generosum
287 2470 462 2507 animum,
485 2469 539 2501 cui
557 2477 678 2501 natura
699 2481 792 2503 acres
817 2471 857 2502 ad
877 2467 1038 2503 Philoso-

65 2518 182 2564 phiam
205 2521 356 2565 impetus
380 2520 568 2559 inseverat,
594 2520 693 2552 facile
717 2522 965 2553 accenderunt:
999 2528 1038 2554 ut

66 2582 143 2603 cum
160 2571 307 2603 venisset
323 2567 495 2609 Athenas,
523 2581 610 2613 quae
632 2576 714 2602 tnnc
738 2578 835 2603 erant
859 2570 1036 2604 doctrinae

65 2620 300 2660 domicilium,
345 2633 382 2653 ac
407 2620 658 2662 disputationes
683 2621 899 2653 eruditorum
927 2621 1036 2663 degu-

66 2675 202 2710 stasset,
233 2670 375 2713 propius
390 2671 542 2714 aspicere
558 2677 717 2703 naturam
734 2677 890 2714 cuperet,
924 2678 957 2704 et
974 2683 1031 2714 pe—

731 137 889 176 DECL.
930 139 1005 175 DE
1038 138 1427 178 ARtsTOTELE.

2009 149 2082 184 650

1103 224 1198 257 nitus
1214 236 1249 258 se
1265 227 1443 259 doctrinae
1459 227 1582 260 studiis
1599 228 1749 264 dederet.
1809 228 1955 265 Audivit
1974 233 2078 275 igitur

1102 273 1282 307 Platonem
1294 303 1302 316 ‚
1330 288 1392 308 nec
1406 283 1445 309 ut
1460 278 1553 309 canis
1570 290 1587 310 e
1604 277 1684 311 Nilo
1702 280 1790 313 bibit
1804 281 1939 323 fugiens
1952 309 1960 322 ‚
1988 284 2078 316 cele-

1102 324 1186 356 riter
1213 326 1355 369 reliquit
1382 326 1574 359 doctorem:
1627 330 1682 361 sed
1722 337 1874 374 tempore
1910 339 1942 365 et
1974 333 2076 376 longa

1102 374 1286 407 collatione
1303 376 1552 409 sententiarum
1571 390 1656 420 opus
1681 391 1752 412 esse
1776 381 1914 416 sciehat.
1969 382 2076 415 Vide-

1102 424 1160 456 bat
1182 425 1372 467 plurimum
1399 426 1561 458 interesse
1588 428 1679 461 inter
1701 437 1864 474 tyronum
1893 439 1923 465 et
1946 433 2077 475 perito—

1101 485 1178 506 rum
1206 474 1342 508 iudicia.
1396 474 1576 508 Platonem
1602 477 1707 518 igitur
1731 492 1840 512 annos
1865 482 2000 514 circiter
2024 483 2076 515 vi-

1101 523 1187 565 ginti
1206 525 1360 565 audivit,
1387 527 1583 568 expendens
1602 526 1759 568 interim,
1792 542 1829 561 ac
1851 538 1886 563 ut
1905 531 2002 564 Plato
2026 534 2076 565 fa-

1101 585 1175 605 cere
1191 574 1305 612 iubet,
1332 586 1470 608 sursum
1493 588 1531 608 ac
1555 577 1715 609 deorsum
1742 579 1923 621 opiniones
1951 583 2074 615 obscu-

1100 624 1208 656 riores
1228 625 1389 665 volvens,
1417 632 1450 658 et
1468 626 1647 659 conserens
1665 634 1818 660 veterum
1836 631 1972 673 scripta.
2007 631 2074 665 Le—

1100 673 1186 716 gisse
1203 674 1295 706 enim
1313 687 1390 707 eum
1409 676 1575 718 plurima,
1602 683 1635 709 et
1652 676 1759 720 ipsius
1777 677 1856 711 libri
1874 682 2075 722 ostendunt,

1100 723 1160 768 qui
1176 731 1330 757 veterum
1347 725 1437 759 dicta
1456 732 1526 758 tam
1543 727 1650 759 multa
1669 728 1865 767 continent,
1900 737 1937 762 ut
1962 738 2075 774 poste-

1100 774 1147 806 ris
1173 786 1235 817 pro
1259 773 1470 808 bibliotheca
1497 773 1649 808 habendi
1674 777 1760 810 sint:
1802 785 1834 811 et
1856 781 2075 822 praedicabat

1099 823 1196 856 Plato
1216 824 1307 867 ipse,
1335 825 1394 869 qui
1413 825 1613 863 Aristoteli,
1648 835 1790 870 propter
1808 835 1938 863 tantam
1954 830 2075 863 lectio-

1100 874 1154 906 nis
1174 874 1392 915 varietatem,
1416 876 1541 909 tribuit
1560 876 1696 909 lectoris
1713 890 1852 912 nomen.

1202 923 1309 957 Multi
1326 932 1440 958 autem
1463 926 1598 958 nobiles
1619 927 1685 958 viri
1712 939 1751 960 ex
1777 935 1847 961 tota
1869 928 2013 962 Graecia
2042 937 2073 964 et

1099 973 1237 1013 Sicilia,
1275 981 1358 1008 tunc
1382 973 1531 1008 Athenis
1562 976 1742 1009 doctrinae
1765 979 1877 1011 studia
1901 980 2073 1018 colebant,

1098 1036 1247 1066 quorum
1270 1025 1476 1057 liberalitate
1493 1026 1704 1059 iuvabantur
1719 1028 1866 1068 eruditi,
1893 1041 1936 1061 ne
1955 1030 2075 1070 victus,

1098 1085 1141 1105 ne
1159 1074 1262 1114 libri,
1289 1086 1333 1106 ne
1347 1082 1553 1108 ornamenta
1570 1073 1686 1108 schola
1705 1077 1872 1112 deessent.
1924 1078 2073 1123 Fuitque

1099 1123 1260 1166 inprimis
1284 1125 1466 1157 familiaris
1492 1124 1673 1159 Aristoteli
1690 1125 1870 1160 Eudemus
1885 1127 2074 1173 Syracusa-

1098 1185 1180 1213 nuS,
1207 1175 1305 1206 cuius
1323 1175 1469 1215 virtute,
1495 1175 1639 1217 opibus,
1666 1178 1869 1217 autoritate,
1895 1179 1995 1211 valde
2011 1181 2072 1211 ad-

1097 1223 1189 1255 iutus
1213 1231 1261 1256 est
1280 1223 1390 1264 Dion,
1418 1237 1498 1257 cum
1520 1233 1707 1269 tyrannum
1723 1225 1930 1272 Dionysium
1959 1240 1997 1261 ex
2015 1229 2073 1263 Si-

1097 1273 1174 1304 cilia
1193 1274 1340 1313 ciiceret,
1363 1281 1394 1307 et
1411 1275 1604 1307 libertatem
1624 1276 1753 1318 patriae
1773 1278 1951 1310 restituere
1968 1291 2073 1311 cona-

1096 1331 1201 1356 retur.
1255 1324 1464 1368 Quanquam
1487 1325 1593 1366 igitur
1610 1324 1815 1359 Aristoteles
1840 1334 1921 1360 tunc
1948 1328 1982 1359 in
2011 1329 2072 1361 illo

1097 1373 1241 1415 collegio
1269 1375 1384 1406 omnia
1410 1375 1544 1407 erudite
1573 1375 1698 1419 scripta
1725 1377 1924 1418 evolvebat,
1969 1385 2000 1411 et
2035 1379 2071 1411 in

1096 1424 1289 1467 disciplinis
1306 1424 1481 1461 omnibus,
1506 1437 1593 1469 quae
1606 1433 1764 1459 naturam
1777 1427 1998 1470 patefaciunt,
2019 1440 2072 1461 se-

1096 1474 1178 1505 dulo
1196 1474 1413 1507 elaborabat:
1439 1481 1554 1507 tamen
1572 1474 1650 1508 vivo
1668 1475 1814 1509 Platone
1830 1478 1987 1510 nondum
2006 1491 2073 1521 pu-

1095 1523 1184 1555 blice
1211 1524 1346 1563 docuit,
1387 1524 1441 1556 vel
1473 1531 1614 1567 propter
1641 1525 1798 1558 Platonis
1831 1528 2072 1567 reverentiam,

1096 1573 1148 1604 vel
1165 1575 1258 1616 quod
1279 1585 1358 1605 vere
1374 1574 1421 1606 ita
1439 1574 1598 1613 sentiret,
1634 1582 1778 1608 aetatem
1799 1588 1894 1609 suam
1914 1579 2072 1611 nondum

1094 1623 1175 1655 satis
1192 1623 1388 1656 autoritatis
1403 1624 1445 1655 ad
1463 1624 1658 1657 docendum
1676 1626 1822 1661 adferre.

1195 1672 1299 1714 Quod
1318 1685 1398 1705 vero
1415 1674 1516 1707 inulti
1536 1674 1635 1707 aiunt
1651 1676 1860 1708 simultatem
1881 1677 1972 1710 inter
1990 1676 2072 1710 Pta-

1095 1728 1211 1755 tonem
1244 1729 1277 1756 et
1306 1721 1399 1756 hunc
1424 1724 1548 1761 fuisse,
1594 1725 1655 1757 etsi
1682 1737 1753 1757 non
1778 1726 1888 1759 libero
1912 1724 2073 1760 homines

1093 1772 1256 1804 omnibus
1272 1773 1377 1812 vitiis,
1402 1779 1515 1806 tamen
1535 1785 1595 1816 ego
1612 1774 1732 1807 iudicii
1748 1776 2069 1809 dissimilitudinem

1093 1821 1135 1853 de
1155 1822 1264 1854 forma
1283 1823 1460 1855 doctrinae
1477 1823 1628 1856 arbitror
1645 1824 1719 1856 sine
1734 1825 1805 1857 odii
1821 1832 1854 1858 et
1872 1826 2070 1859 animorum

1093 1871 1285 1904 offensione
1304 1872 1423 1905 fuisse:
1447 1879 1485 1905 ut
1504 1885 1603 1917 saepe
1618 1874 1893 1907 coniunctissimi
1911 1873 2072 1908 homines

1094 1921 1130 1952 in
1149 1928 1290 1961 senatu,
1317 1922 1353 1954 in
1367 1922 1512 1955 dicenda
1532 1924 1721 1961 sententia,
1748 1925 1822 1957 sine
1844 1927 1914 1958 ulla
1933 1925 2069 1958 acerbi-

1094 1977 1160 2003 tate
1178 1971 1403 2005 dissentiunt.
1457 1971 1526 2005 Nec
1541 1973 1606 2006 fuit
1632 1975 1716 2006 adeo
1742 1972 1846 2007 hebes
1863 1974 2069 2008 Aristoteles

1094 2027 1131 2053 ut
1152 2033 1223 2053 non
1255 2022 1464 2055 intellexerit
1490 2022 1648 2055 Platonis
1680 2023 1843 2057 virtutes:
1887 2037 1950 2057 nec
1981 2026 2068 2058 adeo

1094 2071 1234 2110 ferreus,
1261 2079 1297 2104 nt
1318 2084 1388 2104 non
1406 2080 1630 2106 veneraretur
1648 2084 1715 2105 eaS.
1745 2074 1850 2107 Nulla
1868 2075 1934 2108 fnit
1951 2075 2066 2107 cuins—

1093 2133 1195 2164 quam
1213 2122 1411 2166 eloquentia
1436 2129 1549 2161 tanta,
1577 2123 1674 2156 cuius
1697 2131 1813 2157 extent
1839 2132 2067 2158 monumenta

1094 2171 1129 2202 in
1146 2171 1274 2210 literis,
1298 2178 1427 2216 quanta
1443 2179 1494 2205 est
1510 2172 1676 2206 Platonis.
1738 2173 1791 2207 'tes
1806 2175 1959 2208 continet
1974 2175 2065 2207 mul-

1093 2228 1143 2253 tas
1169 2221 1422 2264 sapientissime
1448 2222 1632 2265 cogitatas,
1673 2223 1801 2257 deinde
1832 2225 2000 2267 splendor
2028 2225 2065 2257 in

1092 2271 1305 2314 expositione
1336 2278 1452 2305 tantus
1481 2279 1549 2313 est,
1588 2278 1627 2305 ut
1657 2273 1800 2317 quidam
1830 2281 1961 2307 veteres
1993 2286 2065 2307 non

1093 2321 1208 2364 inepte
1240 2322 1413 2360 dixerint,
1456 2321 1590 2362 lovem,
1629 2322 1657 2355 si
1690 2323 1870 2357 locuturus
1892 2331 1978 2357 esset
2000 2337 2064 2357 no-

1091 2371 1244 2411 biscum,
1286 2371 1441 2404 Platonis
1475 2384 1635 2405 sermone
1667 2385 1811 2406 usurum
1840 2384 1924 2409 esse.
1987 2373 2064 2407 Hoc

1091 2427 1225 2454 tantum
1243 2422 1356 2459 decus,
1373 2422 1450 2454 talis
1466 2429 1588 2455 natura
1605 2423 1716 2466 qualis
1733 2423 1768 2455 in
1779 2422 1965 2457 Aristotele
1981 2431 2064 2465 erat,

1090 2469 1182 2504 haud
1203 2471 1308 2504 dubie
1327 2478 1357 2504 et
1374 2472 1571 2505 mirabatur
1586 2479 1618 2505 et
1635 2473 1795 2515 amabat,
1821 2480 1929 2506 utres
1946 2481 2061 2507 osten-

1089 2522 1151 2553 dit.
1191 2520 1266 2554 Etsi
1287 2522 1380 2553 enirn
1397 2521 1574 2555 Platonica
1590 2524 1759 2567 quaedam
1778 2525 1920 2564 refutat,
1947 2531 2061 2557 tamen

1088 2572 1214 2604 multas
1232 2572 1275 2603 ab
1295 2583 1334 2604 eo
1347 2572 1546 2612 sententias,
1574 2573 1680 2605 multa
1700 2581 1903 2607 ornamenta
1922 2580 2061 2606 mutua-

1087 2627 1154 2655 tur.
1207 2620 1344 2655 Dicitur
1359 2622 1480 2660 etiam,
1512 2629 1550 2656 ut
1566 2623 1814 2665 gratitudinem
1831 2636 1928 2656 suam
1947 2623 2060 2654 decla-

1086 2678 1197 2709 raret,
1231 2684 1325 2704 aram
1347 2671 1504 2709 Platoni,
1535 2680 1574 2707 ut
1597 2670 1718 2706 heroas
1738 2673 1861 2705 Graeci
1889 2673 2061 2711 colebant,
