2338 2958
78 115 128 151 77

78 199 322 240 committunt,
359 210 439 232 cum
464 196 614 238 Solone,
646 197 674 231 si
698 198 803 238 libet,
835 197 1066 241 expostulent,

78 263 151 285 non
169 261 324 290 mecum,
352 249 414 294 qui
435 249 479 282 ad
499 248 751 282 consociandos
775 248 866 282 inter
885 260 920 281 se
936 248 1064 280 civium

78 301 216 335 animos
245 306 382 333 tantum
415 300 528 333 facere
555 306 773 332 momentum
802 299 947 343 scriptas
975 298 1066 341 leges

78 350 308 390 existimavit,
334 357 373 384 ut
390 362 429 383 ex
445 361 507 384 suo
529 350 677 383 arbitrio
696 349 922 392 Magistratus
938 349 991 382 ius
1011 349 1065 382 di-

77 413 154 436 cere
170 400 331 435 vetuerit.
368 399 437 435 Sed
455 401 561 434 recita
580 400 824 434 iusiurandum
842 397 1063 445 ἡλιαστικὸν,

77 452 127 486 sic
145 452 239 485 enim
259 449 510 485 Demosthenes
526 458 636 485 vocat.
690 450 847 484 Fuerunt
864 458 896 484 et
916 448 980 484 hae
994 450 1065 483 sere

77 514 201 536 causae
237 514 299 535 cur
333 501 489 536 Romani
515 503 641 545 scripto
672 501 747 534 iure
778 501 829 534 uti
863 501 1063 534 maluerint.

78 552 236 587 Nimium
251 552 318 585 sibi
335 553 509 597 principes
524 553 718 585 sumebant.
771 551 875 584 Plebs
893 564 965 584 non
982 551 1065 584 satis

76 610 153 638 tuto
181 603 345 636 creditam
371 603 599 648 optimatibus
628 603 824 636 libertatem
853 603 1066 642 existimans,

77 666 178 698 saepe
210 654 397 698 imperium
426 654 738 698 auctoritatemque
764 654 992 693 detrectabat,
1023 654 1066 685 de

77 705 155 738 iure
179 716 280 747 saepe
305 704 559 738 dissentiebant
581 704 672 737 inter
695 715 730 736 se
753 703 857 737 etiam
880 704 964 737 boni
987 703 1065 736 viri.

23 751 29 756 ’
77 754 173 789 Haec
189 756 377 798 coegerunt
394 761 467 787 tum
486 755 596 798 plebis
615 754 864 795 temeritatem,
894 761 969 788 tum
986 753 1065 787 Ma-

78 806 287 850 gistratuum
309 805 379 837 vim
405 805 508 838 certis
532 805 667 848 legibus
693 806 886 838 moderari:
914 812 1065 850 suntque

77 856 265 890 duodecim
283 855 362 888 illae
378 856 526 896 tabulae,
553 856 631 888 sons
649 856 735 889 iuris
755 857 880 897 nostri,
908 857 1065 900 pruden-

77 907 293 941 tissimorum
318 903 505 939 homiuum
528 907 658 940 iudicio
685 907 895 951 propositae.
950 905 989 940 Id
1011 907 1067 939 iu-

78 970 160 1002 gum
178 957 304 1001 cupide
319 957 483 990 universa
508 957 630 990 civitas
653 958 802 1002 accepit,
823 970 902 991 cum
921 957 1067 990 sentiret

75 1009 200 1043 urbem
223 1019 295 1041 non
313 1008 376 1041 diu
398 1008 551 1042 suturam
575 1008 808 1046 incolumem,
837 1008 906 1041 nisi
930 1008 1066 1051 legibus

77 1059 288 1093 muniretur.

170 1108 282 1142 Porro
300 1119 379 1140 cum
396 1107 552 1141 civitates
570 1107 664 1141 orbis
680 1114 852 1142 terrarum
871 1107 1065 1152 Principes,

77 1159 229 1202 coegerit
254 1157 440 1191 necessitas
465 1170 551 1201 pene
573 1157 766 1191 Diomedea
792 1160 882 1202 leges
902 1161 1065 1196 condere,

77 1210 156 1256 quis
181 1210 280 1242 furor
305 1215 373 1246 est,
408 1210 500 1252 apud
524 1221 588 1242 nos
613 1209 681 1241 iam
710 1222 774 1243 usu
800 1218 954 1253 receptas
976 1209 1065 1241 velle

75 1263 244 1303 abrogare
269 1271 308 1292 ac
334 1259 523 1291 inducere?
564 1259 696 1302 'Magna
728 1260 993 1294 consuetudinis
1014 1260 1066 1291 vis

807 111 966 147 DECL.
999 110 1072 146 DE
1104 109 1369 147 LEGIBUS.

2058 113 2105 147 78

1115 196 1274 240 capitalis
1294 203 1380 229 esset
1398 196 1548 236 desidia,
1572 196 1724 239 graviter
1745 197 1919 231 audiebat.
1974 197 2101 231 furem

1115 247 1372 285 abominamur,
1400 249 1492 290 quod
1510 247 1546 279 in
1564 260 1642 280 eum
1660 248 1864 290 gravissime
1879 248 2100 280 animadver—

1115 304 1225 338 tatur,
1260 303 1432 341 angetque
1458 297 1589 330 crimen
1616 310 1748 341 poenae
1772 299 1944 332 atrocitas.
1997 298 2102 331 Prae-

1115 348 1217 381 donis
1241 348 1318 381 loco
1343 345 1451 380 habes
1473 359 1572 387 eum,
1599 349 1657 392 qui
1675 349 1844 382 debitoris
1866 361 1939 382 rem
1957 356 2014 382 ant
2041 361 2102 392 pe-

1114 399 1253 432 cuniam
1272 405 1427 441 usurpat,
1452 398 1519 429 nisi
1535 406 1657 441 sponte
1673 400 1802 433 datam.
1854 399 1993 443 Peperit
2010 398 2101 432 hanc

1114 449 1318 492 opinionem
1340 449 1413 487 lex,
1441 460 1529 493 quae
1551 451 1777 492 pronunciat,
1805 451 1875 483 vim
1895 462 1984 490 esse,
2012 463 2101 494 quo-

1116 500 1178 533 ties
1202 500 1279 544 quis
1305 500 1338 531 id
1366 500 1458 543 quod
1485 499 1603 531 deberi
1635 500 1824 538 existimat,
1857 514 1918 544 per
1950 501 2100 534 iudicem

1114 550 1274 594 reposcit.
1316 548 1415 583 Nihil
1433 557 1546 582 autem
1566 562 1642 583 cum
1662 550 1908 593 opinionibus,
1937 559 2008 585 tum
2023 564 2100 584 mo-

1114 601 1212 634 ribus
1232 601 1362 634 nostris
1388 601 1586 633 instabilius
1612 607 1716 641 esset,
1742 601 1811 634 nisi
1835 614 1875 634 ex
1898 603 1998 635 certis
2017 602 2100 645 legi-

1115 653 1179 685 bus
1197 658 1494 696 compararentur.
1543 650 1632 685 Nam
1650 658 1688 684 ut
1707 659 1832 684 nautae
1848 664 1984 685 cursum
2004 654 2046 685 ad
2063 665 2102 685 ea

1113 703 1248 743 sidera,
1284 714 1372 747 quae
1397 704 1518 734 eodem
1541 714 1676 745 semper
1702 702 1779 735 loco
1806 703 2105 745 circumaguntur,

1088 790 1091 803 1
1113 753 1288 796 dirigunt,
1318 753 1363 786 ita
1381 765 1442 796 par
1459 759 1526 790 est,
1553 760 1591 786 ut
1610 753 1651 785 ad
1678 753 1787 795 leges,
1814 766 1901 797 quae
1928 766 1945 785 a
1965 754 2103 796 sapien-

1113 804 1256 838 tissimis
1273 801 1477 837 hominibus
1493 804 1600 843 latae,
1628 811 1658 836 et
1678 804 1817 836 virtutis
1840 804 1930 836 viam
1949 805 2103 837 rectissi-

1114 867 1168 887 me
1187 855 1356 894 indicant,
1384 860 1417 887 et
1431 854 1484 886 sui
1504 866 1683 898 nunquam
1703 855 1888 887 dissimiles
1908 861 1999 894 sunt,
2026 855 2103 898 opi-

1114 906 1237 938 niones
1262 912 1396 938 nostras
1425 905 1612 947 exigamus,
1665 905 1732 938 Sed
1758 913 1793 938 ut
1818 906 1915 938 nulla
1940 905 2028 939 ratio
2049 906 2106 946 sit,

1114 968 1176 989 cur
1190 956 1320 1000 scripto
1341 956 1414 988 iure
1433 963 1590 993 utamur,
1617 963 1706 988 certe
1725 955 1906 989 Romanae
1925 957 2012 999 leges
2029 968 2102 988 me-

1114 1008 1300 1046 rebantur,
1325 1018 1410 1051 quas
1429 1003 1497 1039 huc
1514 1006 1795 1050 importaremus.
1850 1006 1968 1049 Quare
1993 1007 2104 1039 maio-

1114 1070 1192 1090 rum
1216 1064 1416 1090 nostrorum
1446 1057 1667 1100 prudentiam
1694 1057 1819 1098 laudo,
1847 1059 1940 1102 quod
1970 1056 2104 1091 Roma-

1113 1120 1175 1141 nas
1194 1108 1412 1152 potissimum
1431 1108 1520 1150 leges
1538 1108 1763 1150 delegerunt,
1791 1120 1874 1153 quas
1895 1108 1929 1140 in
1956 1109 2031 1141 iure
2048 1108 2104 1140 di-

1114 1161 1224 1191 ceudo
1243 1166 1483 1203 sequerentur.
1535 1157 1581 1191 Et
1600 1159 1741 1202 quando
1761 1157 1928 1191 hactenus
1953 1159 2104 1201 benigne

1088 1219 1091 1288 Ι
1115 1207 1202 1241 milii
1218 1210 1414 1248 audiendo,
1441 1221 1583 1252 operam
1602 1209 1771 1249 navantis,
1797 1210 1910 1242 favete
1926 1221 2054 1254 quaeso
2071 1216 2104 1242 et

1088 1290 1091 1310 t

1114 1261 1267 1305 reliquae
1292 1260 1456 1293 orationi.
1511 1258 1694 1303 Exponam
1718 1260 1810 1292 euim
1838 1261 2008 1297 breviter,
2043 1271 2106 1293 cur

77 1318 146 1352 est,
171 1322 260 1356 quae
283 1320 398 1342 mores
418 1321 556 1350 omnes,
577 1312 707 1354 quibus
729 1311 911 1344 assuefacti
935 1322 1066 1350 sumus,
1114 1318 1294 1353 tantopere
1311 1311 1425 1350 iuvet,
1453 1324 1469 1343 a
1489 1309 1661 1344 Romanis
1681 1311 1770 1353 leges
1788 1311 1953 1344 mutuari.
1995 1310 2105 1343 Vetus

77 1362 152 1395 sine
195 1360 461 1405 perturbatione
502 1361 644 1403 publica
682 1362 811 1394 mutari
854 1373 926 1394 non
969 1361 1065 1393 sinit.
1087 1368 1091 1403 ζ
1114 1359 1170 1393 liic
1188 1373 1262 1393 mos
1277 1367 1346 1399 est,
1372 1361 1415 1392 ab
1432 1361 1563 1403 optime
1581 1361 1779 1393 constitutis
1793 1362 1961 1400 urbibus,
1988 1373 2104 1393 exem-

78 1411 197 1455 Quare
222 1411 314 1453 leges
338 1410 393 1442 vel
419 1407 485 1442 hoc
511 1410 670 1450 nomine,
699 1413 794 1455 quod
819 1410 1064 1444 consuetudini
1088 1406 1090 1426 ’
1115 1411 1168 1454 pla
1186 1418 1316 1455 petere.
1357 1408 1456 1443 Nihil
1476 1411 1601 1454 puduit
1617 1412 1763 1449 Atticos,
1791 1411 1979 1456 Aegyptias
1997 1424 2104 1456 quas-

75 1473 153 1495 mos
176 1462 349 1504 gerendus
371 1467 441 1500 est,
473 1461 631 1503 oportuit
655 1462 865 1494 conservari.
922 1460 966 1494 At
986 1473 1064 1493 curn

75 1514 119 1547 de
144 1513 248 1545 rebus
274 1509 438 1544 humanis
460 1510 562 1543 etiam
588 1511 675 1543 bene
705 1520 922 1551 mereantur,
947 1510 1065 1554 publi-

76 1575 151 1597 cam
169 1561 460 1606 tranquillitatem
477 1568 510 1594 et
527 1561 723 1594 libertatem
742 1568 900 1601 tuentur,
919 1562 1065 1594 obsecro

75 1626 150 1647 uon
171 1613 368 1651 insaniunt,
395 1611 457 1656 qui
473 1611 614 1654 refigere
630 1611 779 1645 iubent?
813 1612 942 1645 Actum
960 1612 1065 1644 suerit

75 1666 119 1699 de
136 1664 318 1706 religione,
346 1662 389 1694 de
405 1659 636 1702 humanitate,
653 1663 695 1695 de
711 1663 814 1696 rebus
830 1663 933 1695 bonis
949 1662 1065 1695 omni-

75 1716 157 1755 bus,
185 1714 253 1747 nisi
270 1719 386 1746 coetus
405 1710 591 1746 hominum
610 1713 685 1745 iure
702 1720 872 1756 cogantur
889 1725 927 1746 ac
944 1714 1066 1745 desen-

76 1769 217 1799 dantur.
260 1763 381 1807 Neque
399 1774 482 1795 vero
501 1763 592 1796 inter
613 1770 745 1796 caetera
765 1764 879 1806 legum
899 1764 1064 1795 beneficia

75 1814 144 1850 hoc
163 1814 457 1859 praetereundum
480 1820 551 1853 est,
581 1815 674 1858 quod
693 1815 736 1846 de
759 1814 980 1857 expetendis,
1009 1814 1065 1845 su-
1087 1840 1090 1849 ,

78 1865 283 1909 giendisque
307 1863 432 1902 rebus,
474 1871 583 1896 rectas
605 1864 741 1896 civibus
764 1864 949 1907 opiniones
973 1864 1065 1896 inse-

78 1924 173 1949 runt.
226 1916 265 1948 ld
285 1914 371 1945 adeo
388 1913 430 1944 ad
447 1913 650 1946 formandos
667 1926 790 1955 mores,
819 1927 982 1957 maguum
1002 1912 1064 1946 ha-

76 1967 136 2000 het
155 1970 384 1998 momentum.
433 1961 564 1996 Errant
583 1964 677 1996 enim
697 1965 896 1997 mortalium
914 1965 1065 2007 ingenia,

77 2016 145 2050 nisi
163 2015 266 2049 certis
285 2014 475 2058 praeceptis
499 2022 682 2056 regantur,
710 2022 741 2048 et
762 2022 801 2048 ut
820 2016 975 2060 quidque
992 2028 1063 2048 ma-

75 2068 168 2101 xime
187 2065 410 2099 commodum
434 2064 469 2096 in
489 2065 680 2107 praesentia
699 2066 854 2103 videtur,
883 2066 927 2098 ita
955 2067 1063 2098 inaxi-

75 2130 130 2151 me
149 2117 253 2149 licere
276 2122 417 2159 putant,
447 2116 566 2147 oculos
588 2123 810 2161 mentemque
835 2116 944 2150 libido
966 2129 1064 2159 prae-

76 2168 226 2210 stringit,
246 2174 284 2200 ut
302 2167 394 2211 quod
416 2166 565 2198 maxime
583 2167 753 2209 cupimus,
780 2179 890 2210 saepe,
918 2168 983 2200 nisi
1003 2169 1064 2200 de-

75 2216 236 2252 hortetur
252 2217 365 2259 legum
381 2216 579 2255 auctoritas,
607 2217 779 2259 optimum
797 2229 869 2250 esse
885 2219 1063 2251 ducamus.

76 2269 215 2304 Avarus
240 2265 331 2300 nibil
355 2278 426 2299 esse
450 2267 527 2300 vitii
547 2267 582 2299 in
608 2268 752 2300 foenore
772 2268 928 2302 faciendo
947 2269 1063 2302 existi-

74 2327 157 2359 mat,
185 2325 221 2352 at
237 2317 265 2350 si
284 2317 438 2350 valerent
454 2317 562 2360 leges.
590 2330 678 2362 quae
696 2319 974 2352 foeneratoribus
989 2333 1062 2352 ma—

76 2371 186 2404 iorem
202 2369 365 2402 mulctam
381 2368 657 2409 constituerunt,
683 2382 788 2414 quam
808 2370 956 2411 furibus,
984 2371 1062 2415 quis

74 2433 147 2455 non
171 2425 392 2453 execraretur
414 2419 561 2451 foenus?
594 2419 685 2453 Sunt
705 2432 792 2465 quos
809 2433 931 2463 parum
956 2423 1062 2464 pudet

75 2471 229 2511 mentiri,
244 2477 275 2503 at
293 2482 371 2502 cum
388 2481 428 2501 ex
446 2469 518 2511 lege
534 2470 720 2502 duodecim
736 2471 934 2504 tabularum
948 2484 966 2504 e
981 2484 1061 2504 saxo
1084 2489 1087 2500 ·

76 2521 229 2566 Tarpeio
247 2519 493 2558 deficiebatur,
522 2519 580 2565 qui
603 2520 726 2553 salsum
754 2522 990 2555 testiinonium
1007 2523 1061 2555 di-

75 2573 164 2605 xisse
186 2572 366 2605 convictus
391 2578 482 2608 erat.
510 2582 594 2603 cane
619 2571 715 2612 peius
732 2580 764 2605 et
787 2585 899 2613 angue
917 2575 1060 2606 menda-

75 2623 167 2657 cium
189 2624 311 2656 oderat
333 2621 535 2655 multitudo.

75 2674 111 2707 in
128 2674 219 2707 tauta
238 2673 327 2706 vitae
343 2679 439 2717 parte
456 2678 608 2716 ponunt,
637 2679 670 2705 at
687 2685 765 2706 cuin
782 2672 908 2707 Atticis
925 2675 1060 2718 legibus

596 2620 805 2664 1)t'1'p('2!lllsst
828 2624 942 2656 ocitttn
966 2636 1060 2657 Hunc
1082 2652 1084 2659 ,

1087 1446 1091 1475 ¹
1113 1463 1192 1493 dam
1212 1461 1301 1503 leges
1321 1472 1385 1492 usu
1403 1473 1536 1503 capere,
1564 1467 1602 1493 ut
1621 1460 1821 1495 Herodotus
1841 1469 1994 1495 testatur.
2033 1462 2105 1495 Ne-

1087 1478 1091 1540 l
1114 1523 1169 1543 mo
1194 1510 1368 1544 Romanis
1395 1511 1479 1543 vitio
1505 1511 1624 1550 vertit,
1653 1513 1746 1554 quod
1773 1524 1850 1544 cum
1876 1520 2013 1555 cogeret
2041 1526 2104 1556 pu-

1114 1562 1203 1593 blica
1220 1561 1404 1594 necessitas
1425 1561 1515 1604 leges
1533 1561 1769 1601 conscribere,
1798 1562 1834 1594 in
1851 1561 2035 1596 Graeciam
2055 1564 2105 1595 le-

1113 1619 1209 1655 gatos
1232 1612 1376 1652 misere,
1403 1613 1463 1656 qui
1489 1612 1572 1646 inde
1595 1612 1709 1655 legum
1729 1613 1899 1646 formulas
1914 1613 2104 1651 adferrent,

1088 1686 1091 1714 ἶ
1113 1669 1145 1695 et
1171 1663 1212 1695 de
1230 1661 1371 1706 Repub.
1398 1662 1611 1696 instituenda
1638 1674 1793 1696 summos
1816 1664 1851 1696 in
1871 1663 2020 1697 Graecia
2036 1662 2104 1697 lio-

1088 1736 1091 1758 t
1115 1713 1226 1746 mines
1244 1713 1481 1748 consulerent.
1535 1712 1573 1746 ld
1597 1720 1628 1746 et
1648 1726 1725 1747 cum
1752 1714 1900 1748 maiores
1918 1715 2028 1748 nostri
2053 1716 2103 1748 se-

1114 1764 1243 1803 cernit,
1270 1776 1347 1796 cum
1368 1764 1551 1796 Romanae
1571 1764 1672 1808 heip.
1690 1765 1848 1798 instituta
1867 1766 1908 1798 ad
1928 1778 1991 1798 nos
2010 1773 2103 1799 attu-

1113 1815 1236 1855 lerint,
1262 1814 1345 1858 quid
1367 1826 1494 1858 quaeso
1514 1816 1722 1858 peccarunt‘.J
1776 1816 1874 1857 Quae
1892 1818 2029 1849 tandein
2048 1828 2105 1849 ars

1086 1859 1090 1904 ξ
1113 1877 1151 1897 ex
1169 1865 1430 1897 liberalioribus
1447 1866 1516 1897 illis
1532 1866 1626 1898 domi
1646 1866 1748 1898 nobis
1765 1873 1843 1898 nata
1860 1868 1932 1900 est'?
1957 1866 2105 1907 Literas,

1086 1939 1089 1970 1
1113 1922 1309 1958 temporum
1336 1916 1559 1954 discrimina,
1592 1917 1746 1948 siderum
1773 1924 1868 1949 ortus
1892 1924 1924 1950 et
1948 1929 2102 1956 occasus,

1086 1975 1089 1999 t
1113 1964 1441 2006 architectonicam,
1481 1966 1653 1999 Musicani
1688 1968 1793 2000 exteri
1823 1969 1989 2005 docuere,
2026 1969 2103 2000 sine

1087 2038 1089 2052 1
1113 2029 1261 2061 quarum
1280 2017 1480 2059 cognitione
1505 2018 1574 2050 vita
1603 2018 1703 2060 plane
1725 2030 1844 2050 manca
1867 2026 1932 2051 est:
1969 2019 2003 2051 iu
2022 2019 2101 2063 qui-

1115 2069 1180 2099 bus
1206 2068 1233 2099 si
1259 2065 1348 2099 nit-,it
1373 2068 1521 2101 offendit
1549 2068 1794 2110 peregrinitas,
1821 2069 1903 2112 quid
1929 2076 2018 2102 vetat
2042 2082 2101 2101 ex-

1113 2118 1220 2151 ternis
1246 2118 1380 2160 legibus
1405 2119 1480 2151 uti?
1532 2119 1621 2161 Quis
1647 2119 1784 2152 ‹lul›i.at
1811 2113 1928 2153 nostra
1954 2121 2102 2153 cultiora

1113 2180 1201 2206 esse,
1229 2176 1263 2202 et
1280 2169 1389 2202 literis
1407 2177 1437 2202 et
1456 2169 1590 2210 legibus
1607 2168 1778 2202 Romanis
1793 2171 1945 2203 advectis
1958 2199 1967 2210 ‚
1994 2184 2098 2215 qnam

1112 2219 1208 2251 suere
1225 2220 1337 2263 prisco
1355 2220 1415 2252 illo
1435 2220 1582 2253 barbaro
1598 2220 1735 2259 seculo,
1761 2233 1838 2252 cum
1859 2234 1920 2253 nec
1939 2221 2101 2263 ingenuis

1112 2270 1247 2302 artibus
1262 2271 1370 2302 animi
1388 2278 1585 2302 nostrorum
1605 2270 1767 2313 privatim
1785 2271 2009 2313 fingerentur,
2039 2285 2100 2304 nec

1112 2320 1255 2364 publico
1278 2320 1372 2361 iure,
1405 2328 1464 2354 aut
1488 2328 1578 2354 certa
1605 2321 1792 2364 disciplina
1822 2323 2101 2357 mansuefierent.

1112 2371 1211 2404 Adeo
1230 2383 1272 2404 nc
1289 2372 1523 2415 praesentium
1543 2371 1708 2414 poenitet,
1732 2379 1769 2404 ut
1790 2380 1925 2405 mutare
1944 2386 2020 2405 cum
2039 2386 2099 2405 ve-

1084 2435 1088 2486 Ι
1112 2429 1223 2455 terum
1242 2422 1402 2454 barbarie
1421 2422 1548 2455 libeat?
1575 2435 1662 2467 quae
1679 2422 1873 2455 cuiusmodi
1894 2424 2016 2462 suerit,
2044 2424 2097 2455 sel

1111 2485 1149 2505 ex
1167 2484 1205 2505 eo
1224 2479 1336 2516 potest
1352 2473 1548 2512 aestimari,
1575 2474 1667 2517 quod
1688 2470 1850 2506 humanis
1867 2472 1989 2507 hostiis
2005 2476 2096 2518 apud

1112 2521 1173 2555 hos
1190 2523 1327 2556 litatum
1345 2530 1404 2558 est.
1456 2521 1551 2556 Eant
1567 2535 1654 2568 quos
1670 2529 1850 2567 tantopere
1869 2532 2019 2558 vetustas
2037 2527 2094 2557 de-

1111 2575 1230 2613 lectat,
1267 2581 1299 2606 et
1328 2574 1517 2616 glandibus
1540 2575 1642 2607 etiam
1665 2583 1862 2610 vescantur.

1111 2623 1264 2658 Romani
1284 2624 1400 2657 literas
1421 2637 1484 2657 nos
1500 2633 1589 2659 artes
1609 2623 1762 2669 aliasque
1781 2627 1980 2662 docuerint,
2010 2626 2093 2669 quid

1923 2574 1993 2608 lain
2018 2587 2095 2607 cuin

1081 2705 1084 2716 ,
1108 2675 1174 2708 suit
1192 2688 1254 2709 cur
1270 2688 1341 2708 non
1359 2676 1503 2709 illorum
1523 2676 1614 2719 leges
1629 2676 1732 2708 etiam
1748 2675 1987 2715 imitaremur,
2014 2689 2092 2708 cuni
