2338 2958
133 100 182 135 33

135 191 237 220 stant.
290 183 404 228 Digna
429 190 480 218 est
504 183 651 218 omnino
676 182 841 229 Principe
865 183 941 217 viro
965 194 1050 218 cura
1072 183 1124 216 rei

135 235 328 275 literariae,
353 242 384 268 et
403 236 496 280 quod
517 235 576 268 illa
592 241 711 268 renata
732 247 852 280 sapere
867 233 1015 279 incipiat
1031 231 1125 267 Ger-

135 285 272 326 mania,
308 292 342 319 et
363 287 457 330 quod
485 286 559 318 sine
579 285 691 319 literis
717 298 822 319 nemo
841 285 1013 330 imperare
1031 291 1123 318 recte

133 336 228 371 sciat.
282 334 322 369 Id
341 338 435 381 quod
459 337 587 370 dixisse
607 337 718 370 fertur
733 336 981 379 Sigismundus
996 333 1124 369 Caesar

132 387 175 419 ad
191 386 413 420 Ludovicum
432 385 606 421 Comitem
628 386 827 421 Palatinum
849 384 991 426 Rheni,
1017 397 1122 419 avum

133 437 207 470 eius
225 438 286 483 qui
306 435 411 470 hodie
429 438 600 471 ditionem
621 438 809 481 gubernat,
835 448 1024 482 senemque
1042 448 1121 480 per-

130 489 302 528 movisse,
338 488 467 522 utiam
497 500 604 521 canus
646 489 786 521 Latinas
820 488 937 521 literas
963 487 1122 527 disceret,

131 549 204 570 non
229 539 331 572 aliter
355 551 460 583 quam
483 538 569 573 Cato
597 538 758 573 Graecas.
812 535 1019 572 Mechanica
1039 550 1120 570 vero

131 591 302 634 quaedam
333 602 350 622 a
377 589 623 622 Maximiliano
649 589 790 622 inventa
814 593 912 627 sunt,
948 590 1118 634 quaedam

129 647 248 673 ancta:
295 653 375 673 nam
412 641 455 673 ad
492 640 551 672 illa
588 652 668 672 eum
699 639 790 673 miro
826 639 968 681 ingenio
1004 639 1121 679 fuisse,

129 690 246 733 dignis
270 691 338 723 fide
359 691 504 724 testibus
527 690 652 723 didici.
711 689 781 723 Sed
800 690 884 734 quid
904 701 966 732 ego
983 689 1119 733 singula

130 741 393 774 commemoro?
426 747 507 774 ante
523 741 643 774 oculos
664 741 784 785 ponite
798 739 953 784 Reipu1·.
970 739 1121 774 Germa-

130 791 229 825 nicae
244 799 388 832 statum,
413 798 452 825 ut
468 791 564 824 illius
582 791 747 836 auspiciis
766 791 914 825 erexerit
931 798 1035 836 caput
1053 803 1121 824 nu—

129 853 209 886 per,
243 840 310 875 hoc
333 849 510 882 emortuo,
545 854 565 875 o
588 843 674 883 fata,
704 850 737 875 et
761 855 781 877 o
804 842 989 875 necessitas
1013 842 1119 874 modo

128 904 270 927 rursum
287 893 457 927 demittat.
511 892 644 925 Videor
659 890 748 925 mihi
764 893 881 925 videre
900 900 979 926 ante
999 892 1119 925 oculos

130 955 354 977 communem
384 951 564 987 parentem
593 943 753 976 omnium
785 951 946 976 nostrum
971 942 1119 975 Germa—

130 994 226 1027 niam
253 994 422 1038 pullatam
444 1006 482 1027 ac
505 994 739 1034 sordidatam,
772 993 962 1026 miserabili
979 993 1120 1035 gemitu,

130 1057 294 1077 revocare
312 1045 533 1077 servatorem
551 1056 672 1078 suum:
706 1051 852 1084 stantes,
879 1042 943 1076 hac
961 1056 1120 1088 proceres

131 1095 278 1128 militiae
295 1102 451 1132 nostrae,
480 1095 558 1128 illac
576 1095 724 1128 effusum
740 1106 876 1137 gregem
893 1107 1032 1135 corum,
1059 1095 1119 1139 qui

129 1145 256 1177 studiis
277 1145 368 1188 pacis
392 1142 458 1178 hoc
482 1144 647 1189 Principe
671 1146 844 1189 stipendia
864 1146 1030 1178 fecerunt.
1085 1143 1119 1178 O

129 1207 194 1228 nos
217 1195 379 1235 miseros,
413 1195 541 1240 quibus
568 1195 662 1228 hunc
688 1203 757 1228 tam
784 1197 917 1229 clarum
936 1196 1044 1229 solem
1063 1196 1121 1228 in-

128 1246 294 1279 viderunt
324 1247 451 1290 superi.
513 1245 547 1279 O
580 1246 779 1279 infoelicem
813 1247 959 1291 patriam
993 1247 1119 1278 amisso

127 1304 271 1341 parente
297 1296 371 1340 ipso
397 1305 470 1333 tuo.
530 1295 565 1331 Ο
590 1297 787 1330 infoelicem
824 1298 917 1341 pacis
940 1298 1119 1330 alumnam

128 1348 250 1385 fidem,
278 1348 404 1381 amisso
419 1355 589 1381 assertore
607 1357 679 1382 tuo.
733 1346 768 1380 Ο
785 1349 983 1380 insoelicem
1001 1360 1118 1380 rerum

127 1398 348 1442 publicarum
374 1401 554 1431 custodem
579 1399 825 1437 concordiam,
853 1399 980 1430 amisso
1000 1410 1039 1429 eo
1059 1397 1118 1441 qui

128 1460 190 1492 per
213 1460 355 1481 omnem
388 1449 494 1481 vitam
523 1449 732 1481 concordiae
759 1448 832 1480 iura
860 1448 1120 1490 religiosissime

127 1506 260 1532 tutatus
283 1505 342 1532 est.
413 1498 447 1532 O
473 1500 651 1531 infoelices
676 1498 816 1536 Musas,

126 1561 215 1594 pene
244 1549 416 1593 praesidio
441 1557 569 1583 vestm.
629 1548 768 1591 Quaeso
794 1560 854 1580 vos
880 1549 967 1589 viri,
1000 1548 1120 1589 erigite

126 1601 281 1640 animos,
313 1607 347 1634 et
370 1599 599 1633 Germaniam
626 1600 738 1643 ipsam
763 1600 980 1643 lapsantem,
1009 1599 1120 1631 oculis

127 1651 433 1694 contemplamini:
468 1650 529 1685 Me
550 1651 645 1683 enini
673 1650 774 1693 plura
799 1650 914 1682 dicere
939 1662 1011 1682 non
1036 1649 1121 1682 sinit

128 1714 223 1735 nunc
246 1701 359 1734 dolor.
420 1699 556 1735 Omnes
578 1701 720 1733 interim
745 1701 831 1733 tanti
855 1699 1030 1743 Principis
1047 1712 1120 1732 me-

128 1752 279 1785 moriam
312 1752 606 1795 contemplatione
632 1751 803 1784 virtutum
830 1759 984 1784 sanctam
1013 1751 1120 1783 duca-

130 1814 227 1840 mus,
255 1815 324 1846 quo
340 1803 501 1836 nondum
519 1802 608 1834 alius
624 1802 660 1833 in
677 1814 783 1843 regno
801 1800 1031 1840 Germaniae,
1058 1812 1120 1833 nc-

129 1865 196 1897 que
216 1853 397 1894 privatim,
426 1865 538 1897 neque
563 1852 700 1895 publice
719 1851 913 1883 maioribus
930 1864 1120 1883 ornamen-

129 1903 173 1936 tis
203 1903 393 1936 illnstravit
422 1901 616 1946 Europam.
681 1901 872 1934 Doleamus
907 1914 1024 1934 casum
1054 1915 1119 1934 no-

130 1960 259 1992 strum,
295 1953 424 1998 quibus
454 1952 669 1986 alienissimo
695 1959 868 1995 tempore,
904 1959 1008 1997 atque
1032 1954 1119 1985 adeo

131 2016 191 2041 eo,
227 2015 305 2036 cum
328 2004 586 2048 sapientissimo
610 2003 713 2036 nobis
730 2001 894 2047 Principe
916 2015 1004 2047 opus
1021 2011 1119 2042 esset,

128 2054 376 2090 hlaximiliano
404 2055 593 2088 carendum
617 2061 676 2088 est.
733 2052 840 2086 Vides
861 2061 993 2094 autem,
1034 2054 1119 2087 lllu-

129 2105 298 2140 strissime
316 2104 485 2148 Princeps
494 2101 699 2144 Friderice,
726 2111 765 2137 ut
782 2105 818 2136 in
834 2111 865 2137 te
882 2105 949 2137 iam
967 2117 1020 2138 res
1038 2106 1119 2137 uni-

127 2168 246 2192 versae
266 2155 406 2200 imperii
424 2154 580 2190 Romani
599 2155 787 2188 inclinatae
805 2156 1017 2189 recumbant.
1061 2155 1118 2189 Tu

128 2207 223 2251 pacis
254 2207 391 2247 studia,
426 2207 496 2247 ius,
531 2207 705 2251 fidemque
737 2206 932 2250 publicam,
968 2219 1054 2252 quac
1082 2206 1117 2239 in

128 2255 294 2291 humeros
321 2258 391 2290 iam
417 2264 495 2291 tuos
520 2257 738 2298 inciderunt,
769 2257 973 2295 sustinebis,
1001 2270 1119 2290 serva-

128 2308 202 2346 his,
237 2321 276 2341 ac
308 2309 471 2342 tueberis.
539 2307 710 2351 Magnum
737 2307 876 2341 virtutis
902 2314 980 2341 tuae
1008 2310 1117 2341 docu—

127 2366 286 2392 mentum
299 2357 467 2392 hactenus
482 2359 559 2392 orbi
578 2358 724 2392 dedisti:
754 2358 825 2391 lam
845 2370 938 2391 nunc
953 2359 1014 2392 tibi
1033 2371 1117 2392 con-

858 1499 986 1531 amisso
1016 1498 1118 1529 uuico

127 2411 313 2444 nitendum
334 2417 402 2448 est,
431 2417 471 2443 ut
494 2422 572 2443 cum
591 2410 701 2443 salute
719 2416 837 2442 nostra
861 2409 1066 2452 sapientiam
1085 2419 1127 2444 et·

125 2462 291 2494 virtutem
317 2467 411 2493 tuam
437 2460 659 2493 coniunxisse
685 2460 846 2494 videaris.
900 2459 977 2494 lloc
994 2473 1117 2502 super-

126 2519 196 2552 est,
222 2518 260 2545 ut
295 2512 401 2544 sacris
439 2511 530 2544 votis
557 2511 694 2556 piisque
719 2511 853 2544 inferiis
881 2509 1117 2544 Maximiliaui

126 2563 278 2595 animam
306 2574 577 2607 prosequamur,
612 2562 706 2607 quod
732 2562 804 2601 illi,
840 2561 895 2594 vel
916 2569 951 2595 ut
970 2562 1116 2604 parenti,

125 2612 300 2656 Principi‚
329 2615 383 2646 vel
400 2621 439 2646 ut
455 2613 553 2646 sratri
567 2637 575 2651 ‚
603 2610 740 2645 homini
757 2613 902 2646 debetis.
957 2612 1012 2646 Tu
1029 2626 1117 2658 quo—

587 95 749 135 DECL.
783 97 854 134 DE
892 97 1116 134 sTUmo
1150 100 1505 139 nocrfflNAE
1545 84 1706 141 PAU'L.

2111 110 2159 144 34

1177 200 1323 232 quaeso,
1349 189 1391 222 da
1410 202 1525 233 preces
1542 197 1574 224 te
1590 199 1728 226 nostrae
1745 194 1918 237 supplices
1935 194 2088 238 placent,
2114 196 2156 228 da

1177 246 1214 272 ut
1247 240 1400 272 sentiant
1435 239 1670 276 Maximiliani
1707 256 1842 282 manes,
1884 246 2055 289 profuisse
2090 247 2158 279 sibi

1166 291 1266 333 ‘apud
1288 297 1319 322 te
1346 290 1418 335 pias
1435 289 1610 325 Ecclesiae
1629 307 1762 338 preces,
1798 295 1853 328 cui
1877 303 1913 329 tu
1932 308 2009 328 eum
2031 297 2160 338 guber-

1176 348 1331 373 natorem
1367 353 1405 373 ac
1435 340 1634 385 Principem
1673 346 1794 381 fecisti.
1863 345 1931 379 Per
1964 347 2156 380 bonitatem

1175 397 1270 423 tuam
1294 390 1434 425 Christe
1458 390 1536 426 Iesu
1560 391 1645 437 Opt.
1671 394 1763 430 Max.
1787 403 1820 429 te
1839 409 1987 442 quaeso,
2016 398 2157 430 interim

1175 441 1312 484 plebem
1338 450 1431 475 tuam
1455 455 1586 479 assere,
1622 456 1739 486 serva,
1775 455 1932 490 protege,
1969 459 2057 492 quae
2078 460 2158 481 san-

1174 493 1279 534 guine
1305 500 1365 527 tuo
1392 494 1548 533 imbuta,
1584 507 1653 528 non
1679 497 1820 530 aliunde
1845 512 1948 543 quam
1974 511 2013 531 ex
2039 505 2069 532 te
2091 499 2156 531 sibi

1174 543 1466 589 salutemsperat.
1519 543 1612 578 Dixi.

1186 761 1250 795 No.
1268 763 1302 799 4.

1175 814 1303 825 Μ

1990 785 2037 805 an.
2066 774 2159 807 1520.

1981 818 2151 831 m

1324 864 1399 905 De
1423 865 1574 905 studio
1605 865 1841 908 ‹Ioco-inae
1874 868 2010 910 Paul.

1243 953 1391 986 Separatim
1417 952 1532 987 prodiit:
1569 954 1634 988 „Ad
1664 955 1790 981 Paulinae
1811 957 1950 983 doctrinae
1969 958 2089 985 studium
2112 961 2161 985 ad·-

1275 987 1406 1013 hortatio.
1441 987 1519 1011 Basil.
1534 997 1574 1020 ap.
1592 989 1684 1017 Adam,
1701 989 1769 1014 l'ctri
1788 992 1887 1021 (1520‘.
1907 993 1933 1018 8.
1956 994 2003 1027 1¹s'4
2019 994 2074 1026 pl.'¹
2101 995 2160 1020 Vid.

1274 1031 1342 1055 quae
1357 1022 1470 1046 diximus
1489 1022 1513 1045 in
1532 1021 1596 1056 Epp.
1617 1023 1678 1049 Vol.
1697 1025 1715 1049 Ι.
1735 1034 1758 1056 p.
1777 1025 1823 1050 133
1840 1036 1880 1060 sq.
1901 1027 1944 1051 ubi
1963 1029 2086 1053 dedimus
2102 1039 2161 1063 epi-

1275 1057 1370 1081 stolam
1392 1061 1540 1088 nuncupat.
1562 1058 1593 1082 ad
1618 1058 1701 1084 Andr.
1728 1059 1918 1087 Caruilianum.
1967 1061 2068 1087 Recusa
2090 1063 2161 1095 apud

1275 1090 1349 1118 Crat,
1366 1090 1433 1124 Myl.
1449 1100 1474 1123 p.
1494 1092 1513 1115 Ι.
1526 1109 1532 1120 ,
1559 1092 1584 1115 in
1604 1091 1752 1118 Declamat.
1773 1093 1804 1120 Τ.
1819 1094 1837 1119 l.
1853 1105 1879 1129 p.
1894 1096 1936 1127 8.,
1963 1096 1989 1120 in
2004 1096 2123 1123 Servest.
2140 1099 2161 1123 Ι.

1278 1135 1305 1159 p.
1319 1125 1360 1157 9.‚
1384 1124 1511 1151 Richard.
1527 1124 1558 1150 T.
1571 1125 1616 1152 lli.
1635 1136 1659 1160 p.
1674 1127 1715 1153 28.

1198 1213 1423 1248 Adhortaiio
1460 1213 1510 1246 ad
1545 1212 1779 1249 christiamcee
1814 1216 2028 1261 doctrinae,
2071 1231 2136 1263 per

1355 1265 1546 1298 Paulum
1570 1265 1764 1309 proditae,
1798 1267 1978 1302 studium.

1175 1342 1356 1390 Equidem
1390 1357 1558 1388 agnosco,
1603 1345 1771 1380 Paulinae
1808 1346 2053 1393 philosophiae
2086 1358 2161 1384 stu-

1174 1398 1272 1429 dium
1299 1396 1398 1427 vobis
1419 1398 1745 1437 commendaturus,
1781 1411 1852 1430 rem
1872 1412 1926 1431 nie
1951 1401 2069 1433 conari
2090 1415 2161 1435 non

1176 1446 1278 1490 paulo
1304 1446 1469 1477 maiorem
1492 1446 1637 1480 virilius.
1697 1448 1796 1488 Quae
1822 1458 1870 1482 est
1896 1451 1988 1483 enim
2009 1449 2161 1486 humana

1174 1495 1393 1540 eloquentia,
1418 1497 1546 1527 nedum
1566 1509 1660 1534 mea,
1685 1510 1772 1541 quae
1791 1501 1916 1541 possit,
1941 1502 1994 1533 vel
2012 1514 2073 1545 par
2091 1515 2162 1536 esse

1175 1547 1274 1580 Pauli
1300 1546 1464 1578 laudibus
1484 1546 1715 1589 explicandis,
1744 1549 1796 1580 vel
1818 1547 1883 1582 hoc
1901 1553 2081 1585 doctrinae
2103 1566 2162 1596 ge-

1175 1610 1241 1631 nus
1270 1596 1455 1629 adserens.>
1502 1599 1617 1640 quod,
1652 1601 1878 1642 quantumvis
1907 1614 2033 1645 magno
2057 1602 2162 1637 Chri—

1173 1649 1306 1682 stianae
1330 1646 1561 1691 Reipublicae
1590 1648 1702 1689 malo,
1741 1651 1938 1683 seculorum
1959 1654 2092 1698 aliquot
2111 1655 2161 1687 fa-

1175 1700 1272 1732 stidit
1294 1710 1504 1739 consensus,
1537 1710 1640 1743 quem
1667 1700 1695 1731 si
1719 1713 1864 1745 usquam
1883 1703 1989 1744 alias,
2016 1712 2108 1738 certe
2125 1706 2161 1738 in

1174 1750 1355 1783 literarum
1381 1749 1524 1788 studiis,
1558 1749 1625 1781 nisi
1650 1762 1721 1782 non
1745 1752 1840 1785 dolet
1871 1754 2048 1788 dediscere
2066 1757 2159 1800 quod

1173 1800 1278 1834 semel
1296 1799 1519 1840 imbibimus,
1547 1801 1820 1843 pertinacissime
1839 1811 1986 1839 tuemur.
2031 1805 2159 1839 Verum

1173 1864 1251 1884 cum
1276 1851 1313 1883 in
1337 1850 1393 1893 pia
1417 1862 1517 1883 causa
1546 1851 1664 1883 nullus
1687 1852 1730 1885 sit
1754 1865 1826 1886 non
1844 1854 2038 1888 laudandus
2055 1869 2160 1890 cona-

1173 1910 1246 1942 tus,
1272 1913 1344 1933 non
1360 1901 1519 1934 dubitavi
1537 1902 1702 1934 audacius
1716 1904 1860 1937 sortasse
1882 1919 1983 1950 (piam
2003 1910 2158 1950 pruden-

1174 1953 1258 1993 tius,
1285 1952 1342 1984 sed
1370 1952 1426 1995 pie
1449 1959 1582 1990 tamen,
1610 1964 1700 1994 rem,
1734 1956 1893 1998 quamvis
1911 1957 2040 2000 impar,
2063 1971 2156 2001 egre-

1172 2004 1263 2047 giam
1287 2008 1431 2037 tentare.
1491 2000 1591 2036 Nihil
1615 2010 1724 2042 aetas,
1753 2003 1843 2038 nihil
1869 2008 2020 2040 tenuitas
2040 2017 2158 2042 nostra

1173 2052 1443 2094 dehortabatur,
1477 2055 1619 2098 quando
1646 2066 1716 2087 non
1739 2056 1827 2089 alius
1846 2057 1941 2090 lusus
1960 2055 2049 2091 hanc
2066 2067 2160 2093 aeta-

1172 2114 1239 2139 tem
1257 2104 1404 2149 perinde
1414 2105 1528 2145 decet,
1551 2111 1654 2150 atque
1670 2106 1911 2152 qualecunque
1926 2120 2041 2142 rerum
2054 2108 2161 2143 Chri-

1171 2158 1363 2190 stianarum
1389 2155 1640 2191 rudimentum.
1703 2156 1791 2189 Nam
1807 2161 1901 2203 quod
1923 2160 2037 2193 noluit
2055 2160 2160 2193 Chri--

1171 2215 1244 2240 stus
1260 2213 1378 2239 noster
1393 2219 1410 2238 a
1429 2218 1463 2238 se
1484 2219 1609 2249 pueros
1625 2207 1753 2247 arceri,
1781 2210 1879 2253 quasi
1905 2210 2003 2253 signo
2021 2212 2157 2245 sublato

1171 2257 1442 2291 adulescentiam
1463 2258 1505 2289 ad
1524 2257 1576 2289 sui
1592 2257 1747 2290 studium
1767 2259 1940 2294 invitavit.
1994 2261 2158 2301 Proinde,

1172 2308 1239 2342 nisi
1256 2305 1346 2340 nibil
1365 2305 1566 2340 huiusmodi
1581 2308 1670 2341 votis
1686 2310 1881 2352 proficitur,
1906 2313 2056 2355 optarim
2070 2312 2157 2345 mihi

1172 2372 1243 2393 non
1269 2358 1514 2391 inimitabilem
1551 2357 1712 2399 Periclis,
1749 2368 1806 2393 aut
1833 2360 1957 2406 Lysiae
1988 2363 2155 2408 cloquen-

1171 2412 1272 2445 tiam:
1308 2421 1458 2454 quorum
1481 2409 1624 2442 alterius
1651 2410 1747 2443 labra
1766 2410 1886 2445 patho
1911 2413 2079 2446 insedisse
2099 2428 2157 2447 ve*

1171 2470 1226 2496 tus
1249 2459 1440 2494 Comoedia
1473 2466 1632 2493 testatur:
1666 2461 1813 2494 alterum
1839 2463 1940 2495 etiam
1972 2464 2030 2495 ille
2064 2465 2156 2497 iuxta

1172 2511 1350 2556 Apollinis
1364 2510 1544 2543 oraculum
1561 2511 1698 2554 sapiens
1714 2512 1873 2545 Socrates
1890 2515 2080 2547 admiratus
2097 2523 2155 2548 est.

1170 2563 1237 2598 Sed
1267 2561 1368 2595 illum
1393 2561 1505 2605 ipsum
1534 2574 1614 2594 vere
1646 2563 1870 2595 flexanimum
1896 2563 2063 2597 Paulinae
2090 2566 2157 2597 liu-

1170 2626 1256 2656 guae
1279 2612 1464 2657 spiritum,
1497 2612 1668 2646 divinitus
1698 2615 1931 2656 suppeditari,
1967 2623 1997 2647 ct
2028 2616 2156 2647 ‹ii-..tio-

122 2676 191 2709 que
210 2676 270 2707 per
288 2665 482 2697 honitatem
500 2671 595 2697 tuam
613 2661 751 2697 Christe
774 2663 850 2696 lesu
869 2660 954 2707 Opi.
973 2663 1066 2699 Max.
1086 2672 1117 2698 te
1142 2661 1146 2705 Ῑ
1171 2677 1251 2698 nem
1278 2670 1433 2697 nostram
1459 2663 1714 2704 animatorum,
1749 2672 1782 2698 et
1812 2674 1947 2709 pectora
1974 2673 2084 2698 restra
2112 2668 2154 2698 ad

172 2717 352 2747 illerum.
382 2717 485 2749 Orza.
514 2711 596 2748 Vm..
628 2716 690 2747 Xl.

1521 2713 1543 2747 3
