2338 2958
219 147 291 182 671

221 230 504 267 commonefacta,
518 222 720 267 diligentius
736 220 860 264 cogitet
878 230 996 253 causas
1013 230 1075 251 cur
1085 230 1207 251 aman-

221 285 286 317 dae
303 283 372 315 sint
390 281 497 321 leges,
522 286 585 308 cur
603 272 692 306 banc
713 271 908 304 doctrinam
926 269 1067 303 retineri
1086 269 1122 301 in
1142 269 1207 301 im-

226 333 330 378 periis
347 339 480 362 necesse
501 325 564 362 sit,
593 325 634 356 dc
650 334 717 366 qua
733 322 875 364 vulgus,
902 320 981 365 quia
999 326 1123 352 natura
1140 319 1209 351 im-

226 383 358 427 patiens
374 385 424 411 est
440 375 548 413 freni,
573 380 605 406 et
629 372 762 416 legibus
787 371 967 403 inimicum
981 397 990 409 ‚
1012 381 1109 402 secus
1127 381 1209 402 sen-

225 435 280 466 tit:
330 427 516 471 disputabo
553 424 661 465 igitur
701 423 833 466 aliquid
871 421 914 452 de
955 421 1029 463 lege
1063 419 1207 452 Placuit.

224 483 260 515 (ἶ.
279 482 322 513 de
339 477 489 514 iudiciis,
517 474 577 508 ubi
596 473 760 516 scriptum
779 479 843 504 est:
884 470 1017 504 Placuit
1037 470 1074 502 in
1091 469 1209 501 omni-

225 533 288 565 bus
313 530 416 562 rebus
440 525 661 570 praecipuam
685 534 756 555 esse
777 521 928 554 iustitiae
956 519 1210 565 aequitatisque

224 581 390 623 scriptae,
423 588 526 621 quam
554 574 663 607 stricti
688 572 774 606 iuris
798 572 977 604 rationem.
1039 569 1209 609 Brevitas,

225 639 262 664 ut
280 631 335 667 fit,
364 627 497 672 aliquid
519 623 574 657 hic
592 622 814 657 obscuritatis
832 622 953 653 adfert.
995 620 1081 652 Nam
1101 619 1210 652 usita-

225 690 299 713 tum
324 685 376 712 est
397 677 556 711 strictum
582 674 635 705 ius
651 673 862 713 intelligere,
885 671 1052 713 scriptum
1078 669 1210 712 ipsum:

225 729 436 775 aequitatem
464 738 562 760 vero,
592 724 675 765 legis
699 721 954 763 mitigationem
981 719 1211 762 probabilem,

224 793 297 814 non
314 779 492 822 scriptam,
506 775 563 807 sed
584 771 730 806 honesto
748 771 873 805 iudicis
887 770 1034 802 consilio
1046 776 1077 802 et
1090 771 1212 813 dispu-

225 831 357 864 tatione
374 826 577 872 quaesitam.
631 822 832 865 Torquatus
850 820 961 853 filium
987 819 1212 857 interficiens,

224 881 460 926 quod'contra
484 873 664 907 dictatoris
685 873 889 904 mandatum
908 882 987 903 cum
1012 868 1109 903 boste
1130 881 1212 913 pro-

226 936 372 963 vocante
390 925 607 961 dimicasset,
636 922 700 965 legi
720 922 873 966 scriptae
896 921 1027 964 paruit.
1081 920 1126 953 At
1148 918 1210 952 bo-

226 980 359 1014 nestins
382 977 569 1010 videbatur
592 974 685 1018 quod
706 972 786 1005 fecit
807 970 998 1016 papyrius,
1025 970 1084 1015 qui
1102 969 1212 1003 Fabio

226 1030 392 1073 magistro
416 1025 575 1071 equitum
603 1024 639 1056 in
663 1023 769 1056 simili
791 1033 870 1054 casu
895 1021 1028 1054 remisit
1054 1031 1212 1064 poenam,

226 1083 435 1124 deprecante
452 1088 514 1120 pro
533 1087 572 1107 eo
589 1075 731 1117 populo.
772 1071 839 1104 llic
855 1072 983 1114 scripto
1000 1083 1070 1103 non
1087 1070 1212 1114 paruit,

227 1133 286 1164 sed
324 1127 576 1170 mitigationem
616 1123 834 1167 probabilem
872 1128 1015 1165 propter
1049 1119 1212 1153 honestas

225 1191 346 1214 caus-as
364 1176 537 1211 adhibuit.
593 1174 769 1217 Scriptum
787 1173 841 1204 ius
856 1179 923 1209 est,
951 1183 994 1203 ne
1010 1171 1046 1203 in
1069 1171 1212 1204 sabbato

227 1232 311 1263 fiant
331 1228 472 1262 serviles
496 1235 632 1268 operae.
687 1223 732 1255 At
748 1221 889 1254 dimicat
908 1222 944 1253 in
967 1221 1112 1254 sabbato
1133 1220 1212 1253 Ma—

226 1278 417 1317 cbabaeus,
444 1283 476 1309 et
494 1274 652 1318 seqnitur
667 1285 737 1304 nou
755 1271 940 1314 scriptum,
966 1271 1025 1303 sed
1045 1271 1212 1314 probabi-

228 1332 293 1363 lem
310 1328 500 1365 rationem,
524 1336 612 1369 qnae
627 1323 752 1366 scripta
770 1323 920 1366 quadam
935 1319 1101 1365 ἐπιεικείᾳ
1126 1321 1212 1353 lenit

226 1388 259 1414 et
285 1378 444 1412 inflectit.
505 1373 719 1408 Huiusmodi
744 1370 898 1416 exempla
929 1371 1038 1404 multa
1073 1370 1210 1404 recitari

225 1436 381 1475 possunt.
420 1428 457 1461 Si
476 1427 581 1469 igitur
597 1424 755 1457 strictum
771 1434 842 1455 non
861 1422 956 1455 aliud
973 1428 1024 1455 est
1040 1421 1106 1454 nisi
1126 1422 1211 1454 scri-

225 1489 344 1525 ptum,
379 1476 586 1522 perplexitas
609 1475 675 1507 erit
702 1474 738 1505 in
764 1474 836 1515 lege
854 1471 1002 1505 Placuit.
1046 1470 1122 1505 Etsi
1140 1472 1210 1504 scio

226 1531 356 1563 multos
375 1527 530 1561 cavillari
553 1524 641 1558 banc
657 1526 783 1564 legem,
810 1529 925 1555 tamen
942 1535 1020 1555 cum
1039 1522 1211 1556 sententia

226 1583 269 1614 sit
287 1592 365 1612 vera
383 1585 416 1611 et
432 1576 594 1610 salutaris
611 1574 722 1613 vitae,
749 1573 1003 1606 defendendam
1027 1584 1098 1605 esse
1117 1572 1211 1604 duxi.

227 1631 386 1663 Primum
398 1640 478 1660 vera
496 1633 543 1659 est
562 1623 646 1657 baec
662 1623 832 1657 sententia
845 1648 854 1662 ,
876 1634 953 1655 cum
973 1634 1043 1654 non
1062 1622 1211 1654 dubium

225 1682 268 1714 sit
295 1678 446 1723 praecipi
480 1675 643 1709 mandato
666 1672 750 1710 Dei,
780 1679 819 1705 ut
849 1671 885 1704 in
909 1672 1065 1716 qualibet
1090 1671 1211 1715 politia

226 1731 359 1773 legum,
396 1738 544 1772 «piarum
569 1724 736 1758 autoritas
762 1722 937 1767 probabili
964 1722 1007 1754 de
1027 1733 1128 1754 causa
1156 1733 1212 1754 re-

226 1788 321 1824 cepta
340 1785 408 1817 est,
436 1777 510 1809 voci
531 1776 827 1817 obtemperemus,
853 1783 991 1804 necesse
1009 1778 1059 1805 est
1077 1772 1212 1805 iudices

226 1843 265 1863 ex
283 1830 411 1872 scripto
430 1827 504 1859 iure
521 1823 765 1869 pronunciare,
793 1821 925 1866 alioqui
943 1833 1111 1866 quorsum
1129 1822 1212 1855 atti-

225 1887 318 1913 neret
337 1878 419 1913 ferri
440 1877 539 1919 legeS,
566 1875 594 1907 si
610 1874 786 1907 indicibus
801 1879 937 1905 tantum
953 1872 1071 1905 liceret
1085 1884 1125 1905 ex
1140 1883 1212 1905 sese

225 1932 353 1973 fingere
369 1928 571 1972 aequitates,
601 1931 639 1958 ut
655 1935 800 1958 araneae
815 1934 854 1956 ex
874 1934 946 1955 sese
961 1923 1045 1956 telas
1062 1929 1181 1956 texunt
1195 1924 1210 1954 ?

225 1982 324 2022 Quos
346 1991 383 2011 ea
409 1990 462 2010 res
485 1976 655 2009 tumultus
681 1974 860 2012 excitaret,
887 1973 914 2006 si
939 1972 998 2005 alii
1023 1973 1125 2006 aliter
1148 1973 1205 2006 ad-

224 2031 322 2068 fecti,
361 2039 467 2062 novas
501 2023 686 2062 ἐπιεικείας
716 2023 1092 2057 comminiscerentur?
1143 2022 1211 2056 vix

224 2083 346 2119 etiam,
379 2090 456 2111 cum
481 2083 530 2110 est
553 2085 705 2114 certum,
738 2073 948 2118 explicatum
973 2081 1005 2107 et
1027 2073 1210 2107 definitum

226 2133 297 2170 ius,
327 2131 464 2163 frenum
486 2127 581 2160 iniici
611 2131 720 2169 potest
744 2124 807 2164 iis,
833 2124 893 2169 qui
913 2124 1070 2168 occupati
1094 2124 1209 2168 aliqua

225 2181 430 2224 eupiditate,
457 2178 605 2211 eludunt
630 2175 828 2219 perspicuas
846 2175 953 2217 leges,
982 2181 1014 2207 et
1037 2181 1210 2219 quaerunt

225 2245 261 2263 ex
282 2230 391 2273 specie.
412 2229 496 2261 iuris
518 2233 712 2271 praetextus
729 2226 771 2258 ad
791 2237 888 2258 suam
911 2225 1136 2269 cupiditatem
1155 2236 1210 2258 ar-

227 2283 399 2313 mandam.
453 2279 558 2320 Quod
592 2277 684 2309 enim
720 2276 938 2308 arbitrantur
969 2276 1096 2320 aliqui,
1138 2287 1209 2308 non

225 2333 329 2364 fnisse
348 2330 491 2372 scriptas
506 2335 584 2361 ante
603 2327 812 2371 Lycurgum,
835 2326 1043 2367 Draconem,
1069 2332 1126 2359 aut
1144 2325 1209 2359 So-

227 2383 341 2413 lonem
378 2380 412 2411 in
446 2379 610 2414 Graecia,
646 2389 792 2418 magnus
823 2388 921 2409 error
943 2383 1002 2409 est.
1064 2376 1210 2420 Semper

226 2433 317 2474 apud
336 2441 389 2461 eas
408 2437 544 2468 gentes,
564 2429 598 2460 in
618 2428 747 2470 quibus
762 2427 947 2470 disciplina
964 2427 1150 2459 mediocris
1177 2433 1209 2459 et

227 2481 382 2514 iusticiae
408 2479 597 2511 reverentia
617 2485 646 2511 et
673 2478 791 2510 literae
816 2478 979 2517 fuerunt,
1002 2478 1107 2510 fuisse
1125 2477 1209 2510 scri-

227 2540 301 2576 ptas
326 2531 435 2570 leges,
464 2537 574 2561 xetera
597 2535 822 2560 monumenta
849 2528 999 2570 plurima
1029 2534 1209 2561 testantur.

225 2584 292 2615 Sed
312 2581 412 2613 bellis
433 2586 463 2611 et
481 2579 732 2610 vast-itionibus
751 2579 915 2611 fatalibus
932 2590 1052 2611 omnes
1068 2577 1209 2622 politiae

227 2634 277 2664 vel
298 2637 489 2675 quassatae,
517 2629 568 2659 vel
587 2640 722 2660 eversae
739 2635 830 2666 sunt,
856 2636 888 2661 et
907 2629 1042 2673 aliquae
1057 2628 1209 2661 difficul-

225 2692 276 2716 ter
295 2693 413 2714 rursus
434 2680 642 2712 instauratae
661 2686 752 2713 sunt.
807 2677 880 2713 ttae
901 2691 1016 2712 rerum
1037 2677 1210 2712 bumana·-

603 137 761 176 DECL.
814 134 886 170 DE
920 133 1180 169 S't'fflC'ro
1215 133 1356 169 IURE
1389 131 1462 166 ET
1497 131 1861 176 AEQUITATE.

2173 133 2247 169 672

1262 230 1338 251 rum
1356 216 1578 250 confusiones
1606 223 1761 250 veterum
1788 218 1902 261 legum
1920 218 2136 251 oblivionem
2155 224 2248 251 attu-

1264 269 1390 302 lerunt.
1445 267 1565 300 Postea
1586 266 1681 300 Deus
1703 267 1858 300 excitatis
1883 271 1983 302 novis
2004 268 2249 311 gubernatori-

1264 319 1327 350 bus
1370 325 1547 362 utcunque
1583 318 1674 360 leges
1711 317 1930 353 instauravit.
1996 321 2046 352 Ac
2082 316 2247 352 historiae

1262 370 1471 408 ostendunt,
1510 367 1740 400 vetustissima
1776 380 1934 413 quaeque
1961 369 2101 402 vincula
2137 368 2249 413 pluri-

1264 430 1359 451 mum
1385 417 1576 451 severitatis
1598 415 1772 451 babuisse.
1825 418 1862 451 Si
1888 424 1999 451 statua
2024 419 2250 463 oppressisset

1265 467 1443 502 bominem
1460 479 1559 508 casu,
1586 475 1752 512 tanquam
1771 469 1969 501 damnatam
1988 480 2006 501 e
2025 469 2152 502 finibus
2169 468 2249 501 eiici

1263 519 1430 562 oportuit.
1472 517 1520 551 lta
1538 518 1591 551 vel
1608 518 1751 551 sortnita
1771 519 1874 550 caede
1892 518 2056 562 pollutus,
2082 528 2119 553 ut
2135 519 2249 552 Adra-

1263 577 1355 607 stus,
1383 569 1435 601 vel
1456 568 1515 613 qui
1534 569 1751 611 probabilem
1769 576 1801 601 et
1824 568 1947 601 iustam
1965 580 2100 601 causam
2116 567 2250 602 habue-

1264 628 1342 653 rant
1361 619 1558 652 trucidandi
1578 630 1668 658 suos,
1695 625 1733 651 ut
1752 617 1944 651 Alcmaeon
1962 625 1992 651 et
2012 617 2170 652 Orestes:
2197 626 2250 652 ta-

1266 682 1343 702 men
1364 670 1594 702 eiiciebantur
1613 681 1651 702 ex
1669 669 1765 701 omui
1784 669 2036 702 cousuetudine
2055 666 2250 708 bominum,

1265 721 1475 752 arcebantur
1501 731 1617 752 mensa
1645 727 1675 753 et
1700 716 1872 762 bospitio,
1899 731 1962 752 uec
1991 719 2252 762 recipiebantur

1265 770 1331 802 nisi
1365 770 1499 812 expiata
1535 771 1639 802 caede
1669 769 1789 802 multis
1823 776 1856 802 et
1891 769 1998 802 variis
2031 769 2251 805 ceremoniis.

1266 820 1387 862 Quid?
1416 818 1611 852 Pudicitiae
1635 820 1737 862 longe
1760 820 1873 852 maior
1893 817 2008 853 bonos
2031 819 2097 853 suit
2119 819 2155 852 in
2178 820 2252 863 pri-

1268 870 1333 902 mis
1351 869 1507 911 legibus,
1533 881 1638 914 quam
1667 876 1792 913 postea.
1847 868 1981 903 Aeolus
2006 881 2063 902 rex
2088 867 2251 902 'l'bnsco-

1266 932 1342 953 rum
1365 920 1456 951 filiae
1479 931 1518 952 ex
1542 920 1647 952 fratre
1672 920 1835 962 gravidae
1860 920 2015 962 gladium
2042 920 2153 959 misit,
2179 932 2250 965 quo
2294 950 2297 953 Δ

1265 971 1324 1002 illa
1341 970 1449 1014 patris
1464 970 1552 1002 iram
1570 970 1780 1012 intelligens,
1801 981 1874 1003 sese
1890 970 2071 1005 transfixit.
2107 969 2250 1012 Quanta

1265 1020 1428 1053 severitas
1453 1020 1538 1060 fuit,
1564 1020 1658 1065 quod
1685 1020 1818 1063 legibus
1841 1021 2026 1054 duodecim
2051 1021 2251 1053 tabularum

1266 1071 1422 1115 periuros
1440 1071 1482 1103 de
1497 1082 1578 1103 saxo
1596 1069 1747 1114 Tarpeio
1766 1070 1868 1103 deiici
1893 1070 2073 1114 oportuit?
2107 1069 2151 1103 Et
2170 1082 2251 1114 pos-

1264 1129 1341 1155 sent
1364 1120 1473 1153 multa
1493 1121 1781 1159 commemorari,
1807 1133 1896 1165 quae
1915 1121 2105 1154 ostendunt
2129 1121 2252 1164 primis

1265 1171 1389 1204 seculis
1416 1171 1530 1213 legum
1556 1182 1674 1203 curam
1699 1171 1867 1203 maiorem
1890 1171 2015 1210 fuisse,
2043 1177 2075 1204 et
2093 1171 2251 1215 discipli-

1266 1233 1346 1253 nam
1377 1221 1594 1263 graviorem,
1628 1232 1716 1265 quae
1747 1227 1839 1254 certe
1865 1221 1974 1254 literis
2001 1218 2251 1267 comprehensa

1264 1271 1340 1304 fuit.

1366 1320 1576 1355 Retineatur
1609 1332 1690 1364 ergo
1719 1321 1888 1365 scriptum
1923 1321 1993 1361 ius,
2030 1329 2063 1355 et
2091 1322 2251 1355 omnium

1264 1371 1459 1416 sapientum
1478 1373 1753 1415 gubernatorum
1778 1371 1982 1411 autoritate,
2009 1371 2168 1405 omnium
2185 1373 2251 1406 do-

1264 1429 1400 1456 ctorum
1444 1434 1547 1461 voce,
1589 1422 1770 1456 sententiis
1812 1429 1845 1456 et
1887 1422 1998 1455 literis
2031 1422 2252 1457 defendatur.

1265 1471 1382 1515 Quam
1422 1472 1629 1506 sententiam
1667 1479 1706 1505 ut
1739 1472 1904 1505 omuibus
1938 1472 2040 1506 bonis
2074 1473 2253 1507 mentibus

1265 1522 1358 1556 Deus
1384 1523 1582 1561 confirmet,
1611 1523 1700 1556 veris
1724 1522 1814 1556 votis
1841 1523 2028 1567 petendum
2048 1529 2109 1558 est.
2161 1522 2251 1557 Nam

1266 1573 1378 1615 legum
1404 1573 1614 1616 vituperatio
1638 1585 1709 1606 non
1734 1579 1869 1606 tantum
1891 1573 1934 1606 ab
1960 1571 2112 1606 bumana
2138 1573 2252 1607 imbe-

1265 1623 1410 1655 cillitate
1425 1631 1457 1656 et
1473 1623 1624 1656 stulticia
1645 1624 1769 1662 oritur,
1791 1625 1849 1656 sed
1868 1635 1886 1656 a
1902 1623 2062 1657 diabolo:
2090 1624 2151 1668 qui
2172 1635 2252 1657 cum

1265 1673 1410 1705 molitur
1424 1673 1581 1713 ingentes
1596 1673 1842 1716 dissipationes
1860 1679 1892 1705 et
1909 1673 2142 1713 confusiones,
2167 1674 2250 1708 sen-:t

1267 1723 1368 1755 initio
1387 1723 1500 1765 legum
1521 1723 1696 1763 convicia,
1724 1729 1754 1756 et
1774 1723 2004 1756 reverentiam
2019 1723 2145 1757 animis
2164 1725 2252 1757 levi-

1266 1773 1331 1805 bus
1349 1773 1492 1806 excutit:
1523 1780 1637 1815 postea
1657 1773 1859 1806 confirmata
1880 1773 2018 1806 licentia
2037 1780 2069 1807 et
2088 1775 2250 1817 petulan-

1266 1822 1312 1855 tia
1338 1834 1483 1865 magnae
1507 1829 1703 1867 sequuntur
1728 1823 1861 1866 politici
1879 1829 1989 1857 status
2013 1824 2148 1860 ruinae.

1367 1873 1434 1906 Sed
1462 1873 1504 1905 ad
1532 1880 1686 1906 nostram
1710 1873 1948 1917 quaestionem
1975 1875 2092 1910 redeo.
2147 1874 2186 1908 Si
2211 1887 2251 1909 ex

1265 1923 1393 1966 scripto
1412 1924 1487 1956 iure
1508 1923 1815 1967 pronunciandum
1834 1931 1883 1957 est
1896 1950 1904 1961 ,
1928 1923 2068 1958 videtur
2082 1925 2249 1959 acerrima

1264 1973 1372 2007 stricti
1392 1974 1477 2006 iuris
1493 1974 1692 2007 observatio
1709 1974 1851 2018 requiri.
1889 1973 2057 2007 Strictum
2075 1983 2123 2010 est
2143 1977 2251 2017 enim,

1265 2025 1357 2068 quod
1377 2025 1491 2057 verbis
1515 2024 1598 2067 legis
1623 2020 1913 2067 comprehensum
1937 2032 1969 2058 et
1984 2025 2166 2059 definitum
2183 2033 2249 2060 est:

1264 2081 1321 2111 ut,
1349 2086 1509 2118 pugnans
1532 2082 1652 2108 contra
1676 2075 1855 2107 ‹liet-noris
1878 2075 2102 2115 mandatum,
2137 2077 2250 2110 securi

1265 2125 1420 2157 feriatur:
1455 2124 1627 2170 Torquati
1651 2125 1742 2158 filius
1764 2125 1811 2157 sic
1846 2125 2030 2169 pugnavit:
2062 2127 2113 2159 lex
2144 2127 2250 2169 igitur

1264 2182 1430 2209 servetur.
1485 2175 1705 2219 Responderi
1724 2181 1851 2218 potest,
1877 2187 1979 2219 saepe
1997 2177 2083 2211 duas
2107 2184 2248 2211 senten-

1265 2226 1328 2257 tias
1343 2227 1487 2269 scriptas
1505 2237 1596 2266 esse,
1624 2225 1838 2259 acerbiorem
1855 2233 1885 2259 et
1911 2226 2098 2260 mitiorem.
2154 2226 2250 2262 Inter

1264 2272 1326 2308 bas
1353 2277 1472 2309 mitior
1503 2276 1661 2319 eligenda
1689 2283 1748 2309 est.
1803 2275 1872 2309 Nec
1897 2283 2023 2309 temere
2048 2277 2246 2321 fingendam

1263 2338 1334 2359 esse
1357 2327 1588 2371 aequitatem,
1622 2327 1681 2359 sed
1709 2338 1747 2358 ex
1771 2327 1900 2371 scripto
1922 2334 1953 2361 et
1980 2328 2070 2361 veris
2092 2329 2251 2363 sontibus

1265 2377 1348 2409 iuris
1364 2378 1568 2410 sumendam
1583 2388 1665 2410 esse.
1704 2376 1747 2410 t‘t
1767 2377 1859 2409 enim
1876 2376 1997 2410 Celsus
2016 2377 2247 2413 iurisconsul-

1264 2435 1317 2460 tus
1334 2428 1439 2467 dixit,
1466 2439 1544 2461 cum
1562 2428 1604 2460 de
1627 2427 1720 2459 bono
1738 2434 1769 2460 et
1796 2440 1907 2472 aequo
1926 2429 2121 2472 quaeritur,
2147 2441 2248 2473 saepe

1263 2479 1327 2510 sub
1346 2478 1531 2511 autoritate
1556 2477 1808 2510 iurissrientiae
1827 2478 2020 2522 perniciose
2035 2479 2165 2522 errari,
2193 2480 2247 2512 vi-

1262 2529 1385 2561 delicet
1398 2555 1406 2566 ,
1429 2540 1507 2561 cum
1524 2528 1666 2569 tingitur
1684 2528 1839 2573 aequitas
1858 2541 1897 2561 ex
1921 2528 2141 2562 indoctorum
2160 2529 2247 2564 ima-

1262 2579 1458 2619 ginatione,
1485 2591 1555 2611 non
1573 2591 1610 2611 ex
1628 2579 1720 2611 veris
1735 2579 1901 2613 l‘outibuS.

1363 2629 1430 2662 Sed
1455 2637 1590 2672 praeter
1615 2626 1703 2662 banc
1728 2628 1989 2672 responsionem
2016 2626 2082 2662 boc
2106 2642 2247 2676 quoque

1264 2680 1510 2714 universaliter
1523 2680 1590 2713 dici
1611 2686 1733 2723 potest,
1760 2690 1894 2724 semper
1913 2679 1945 2711 id
1966 2680 2060 2723 quod
2079 2680 2246 2725 scriptum
