2338 2958
198 136 272 174 459

199 231 281 257 tuus
317 225 376 254 est.
430 213 613 258 Ingenium
650 210 702 243 illi
729 210 795 244 fuit
821 209 905 243 mite
932 221 971 243 ac
999 208 1187 254 placidum,

198 273 343 307 dixisses
357 267 537 302 hominem
553 263 593 296 ad
621 259 875 295 humanitatem
893 266 925 293 et
943 259 1187 293 mansuetudi-

199 335 299 363 nem,
325 317 422 364 quasi
443 314 614 348 divinitus
637 312 810 356 sculptum
832 318 865 345 et
889 312 1030 344 factum.
1083 309 1186 343 Hanc

200 375 272 418 ipse
300 377 443 403 naturae
466 364 645 398 lenitatem
670 363 788 396 studio
817 373 957 407 quoque
980 368 1012 395 et
1037 361 1186 394 medita-

198 425 293 458 tione
310 418 490 454 tuebatur,
516 425 653 448 summa
669 413 849 456 diligentia
865 424 1003 453 cavens,
1030 424 1074 444 ne
1089 412 1184 456 quod

199 472 334 507 duriter
357 480 375 502 a
401 479 436 500 se
464 472 524 499 aut
547 476 666 509 aspere
697 476 770 497 non
795 463 900 496 modo
930 463 1028 496 fieret
1052 462 1187 495 dicere-

199 532 319 559 turve,
346 519 405 553 sed
423 524 463 551 ut
482 523 515 550 et
539 516 575 548 in
602 521 761 559 aspectu,
787 514 1012 558 incessuque,
1039 520 1073 547 et
1088 512 1186 546 omni

198 572 353 617 denique
378 567 488 602 animi
514 566 740 611 corporisque
765 562 888 598 habitu
914 576 952 597 ac
976 570 1075 597 motu
1103 574 1187 596 ean-

199 626 278 658 dem
301 619 507 655 suavitatem
532 629 570 650 ac
593 616 782 649 lenitatem·
801 620 1033 648 conservaret.
1083 611 1130 647 Et
1149 613 1188 653 si,

198 682 237 709 ut
263 679 331 713 est,
357 668 568 704 verecundia
591 673 682 700 recte
704 671 848 699 ornatus
873 665 982 705 vitae,
1016 670 1048 697 et
1073 670 1188 697 custos

197 724 359 759 omnium
384 721 554 754 virtutum
585 729 602 750 a
627 715 796 750 Cicerone
820 715 969 756 dicitur,
1012 711 1102 747 hanc
1128 714 1188 747 ille

197 776 364 809 virtutem
380 771 434 804 vel
460 769 574 814 potius
594 767 764 801 virtutum
789 765 948 799 omnium
974 765 1128 808 reginam
1151 776 1189 797 ac

198 822 467 860 moderatricem
491 819 573 852 inde
591 829 702 863 usque
727 829 745 850 a
768 828 876 861 puero
900 817 936 849 in
955 816 1054 849 omni
1070 815 1139 848 vita
1157 821 1191 848 et

199 877 335 911 actione
357 873 528 906 illibatam
552 880 687 902 summa
708 880 789 902 cura
814 868 971 901 retinuit.
1026 864 1125 900 Adeo
1152 872 1191 898 ut

199 924 383 961 nonnullis
401 933 525 967 parum
545 920 741 959 animosus,
776 925 809 953 et
829 919 875 951 ob
894 930 969 951 earn
988 929 1126 951 causam
1145 917 1189 949 ad

199 979 233 1012 id
259 986 369 1021 genus
392 972 592 1012 doctrinae,
625 971 717 1016 quod
748 969 940 1009 tractabat,
970 968 1088 1002 minus
1113 967 1191 1000 ido-

199 1039 287 1062 neus
311 1027 509 1062 videretur,
545 1029 579 1055 at
602 1021 661 1054 ille
683 1032 756 1054 non
787 1019 875 1053 tanti
903 1020 1052 1053 ducebat
1077 1018 1191 1051 ullum

201 1078 428 1123 adplausum,
455 1080 494 1107 ut
512 1078 695 1117 propterea
717 1071 948 1104 verecundiae
972 1076 1068 1113 septa
1094 1075 1192 1102 tran-

201 1130 296 1164 silire
310 1127 433 1165 vellet,
459 1135 533 1156 non
551 1123 643 1155 enim
662 1122 827 1166 profanae
841 1120 1080 1154 multitudinis
1096 1118 1191 1152 iudi-

201 1182 272 1220 cio,
308 1179 367 1212 sed
392 1182 485 1209 recta
513 1173 667 1210 ratione,
703 1172 788 1217 quid
812 1172 949 1204 deceret
972 1170 1192 1208 metiebatur,

201 1239 304 1276 atque
321 1228 349 1262 si
366 1227 468 1260 etiam
489 1224 706 1268 peccandum
725 1228 830 1260 esset,
858 1221 1008 1254 malebat
1025 1220 1119 1253 iuxta
1138 1231 1193 1252 re-

201 1282 318 1326 gulam
349 1275 509 1311 Isocratis
534 1274 570 1306 in
593 1270 684 1306 hanc
708 1283 812 1317 quam
838 1271 934 1304 illam
961 1277 1094 1315 partem
1114 1281 1193 1313 pec-

201 1343 296 1371 care3
323 1328 440 1361 minus
458 1325 550 1358 enim
569 1330 669 1367 turpe
692 1322 837 1367 putabat
854 1322 1039 1367 plusquam
1065 1332 1194 1354 conve-

202 1383 296 1415 niret
314 1378 478 1413 timidum
503 1387 537 1408 se
556 1386 660 1419 quam
679 1373 919 1417 impudentem
938 1371 1098 1406 iudicari.
1152 1369 1194 1403 In

202 1433 338 1477 reliqua
362 1439 445 1461 vero
469 1426 538 1459 vita
565 1431 597 1458 et
618 1424 778 1457 moribus
798 1420 890 1456 nibil
910 1429 981 1457 erat
1004 1422 1066 1455 illo
1090 1420 1196 1466 pudi-

204 1495 282 1517 cum
307 1479 433 1523 magis,
461 1474 552 1510 nihil
578 1476 621 1508 ab
643 1475 742 1508 omni
768 1474 988 1517 turpitudine
1016 1472 1195 1506 remotius.

204 1533 251 1568 Et
269 1532 363 1579 quod
382 1530 419 1562 in
438 1527 567 1562 talibus
583 1525 732 1569 ingeniis
746 1525 903 1558 accidere
919 1525 1019 1564 solet,
1047 1534 1135 1568 quae
1152 1522 1194 1555 ad

205 1583 460 1618 humanitatem
477 1584 510 1611 et
525 1576 748 1610 clementiam
766 1587 844 1608 cum
864 1582 987 1608 natura
1005 1576 1197 1612 ducuntur,

207 1643 281 1669 tum
307 1644 390 1665 vero
415 1641 476 1673 per
501 1638 640 1661 omnem
668 1626 774 1659 vitam
802 1626 999 1658 adsuefacta
1025 1630 1125 1664 sunt,
1159 1629 1197 1655 ut

208 1687 294 1725 sint,
327 1677 525 1727 ἠθικότερα
551 1683 583 1710 et
606 1677 647 1709 ad
667 1687 789 1710 omnes
806 1676 886 1708 illos
904 1676 1054 1708 leniores
1071 1680 1199 1713 motus,

208 1749 246 1770 ac
260 1733 444 1780 praecipue
462 1726 620 1775 στοργάς
637 1727 810 1764 molliora,
834 1726 880 1759 ita
899 1724 1200 1771 quoqueDoctore

209 1785 362 1821 Sebaldo
380 1779 472 1815 nihil
491 1787 560 1813 erat
575 1779 683 1821 magis
702 1774 960 1824 φιλόστοργον,
980 1775 1200 1811 nibilamore

210 1844 239 1871 et
259 1831 504 1870 benevolentia
525 1830 560 1862 in
579 1840 659 1862 suos
678 1828 866 1873 profusius.

313 1885 405 1919 Sunt
429 1880 616 1919 nonnulli,
652 1879 854 1923 praesertim
878 1890 917 1910 ex
935 1876 1090 1921 Satrapis
1118 1875 1202 1916 illis,

211 1939 270 1985 qui
289 1947 406 1971 errore
423 1932 550 1965 mentis
569 1943 641 1963 eam
660 1928 879 1962 fortitudinis
903 1929 1041 1961 laudem
1058 1928 1202 1965 ducunt,

212 1991 238 2024 si
258 1989 311 2021 vel
330 1997 407 2029 erga
426 1994 570 2016 uxorem
590 1988 620 2013 et
638 1981 766 2013 liberos
782 1979 942 2012 duriores
959 1979 1040 2015 sint,
1062 1978 1116 2009 vel
1135 1977 1204 2009 sal-

214 2049 282 2074 tem
320 2049 391 2071 esse
420 2034 625 2071 videantur,

216 2098 356 2128 rentur,
386 2087 411 2119 si
433 2084 525 2130 quod
552 2094 630 2123 erga
656 2092 736 2114 suos
756 2080 885 2113 amoris
911 2087 969 2113 aut
992 2079 1204 2111 benevolen-

217 2142 282 2174 tiae
314 2140 451 2181 signum
482 2134 684 2167 ostendant:
731 2132 788 2164 sed
814 2138 852 2164 ut
881 2132 971 2174 apud
998 2129 1204 2173 Euripidem

219 2187 430 2234 Amphitryo
455 2184 628 2228 praeclare
647 2183 749 2221 dicit,
777 2193 812 2214 se
831 2193 1018 2224 parvorum
1039 2187 1205 2223 nepotum

219 2253 337 2275 curam
357 2250 429 2271 non
445 2233 660 2278 adspernari,
683 2234 740 2265 sed
761 2233 840 2265 illos
857 2244 973 2265 secum
991 2232 1083 2264 velut
1102 2231 1208 2276 ἐφολ-

221 2290 325 2326 κίὸης
340 2300 445 2322 manu
465 2287 616 2324 ductare,
644 2296 747 2328 seque
765 2280 831 2315 hoc
848 2283 1002 2315 officium
1022 2283 1097 2315 viro
1114 2282 1208 2314 bono

222 2344 367 2383 dignum
387 2338 558 2374 iudicare,
583 2335 628 2368 ita
649 2333 781 2367 Doctor
797 2334 968 2367 Sebaldus
989 2333 1023 2365 in
1042 2333 1209 2377 optimam

224 2384 406 2433 coniugem
431 2395 461 2422 et
482 2387 606 2428 dignos
633 2385 692 2418 tali
714 2391 808 2428 patre
834 2384 960 2416 liberos
982 2382 1211 2416 clementissi-

225 2456 321 2477 mum
352 2453 386 2473 se
414 2452 450 2472 ac
481 2436 771 2478 benignissimum
804 2435 990 2478 praebebat
1022 2441 1213 2477 parentem.

228 2496 274 2528 ita
296 2500 430 2528 tamen,
466 2496 503 2521 ut
532 2486 621 2520 nihil
647 2487 743 2530 prius
769 2498 829 2518 nec
857 2485 1037 2530 antiquius
1058 2483 1213 2519 liaberet.

227 2556 332 2590 quain
352 2549 386 2574 ut
406 2540 505 2573 liberi
527 2540 567 2570 ad
589 2538 768 2581 pietatem„
797 2537 980 2574 virtutem,
1007 2548 1044 2567 ac
1064 2535 1214 2579 optima-

230 2607 306 2629 rum
337 2604 452 2625 rerum
482 2589 592 2621 studia
626 2589 868 2626 erudiri-ntum
907 2594 978 2619 erat
1010 2586 1114 2627 igitur
1143 2585 1215 2617 eius

232 2648 373 2678 doinus.
409 2641 577 2686 ‹piac-dam
612 2638 801 2670 modestiae.
832 2651 868 2670 ac
904 2637 1154 2675 verecundiae,
1186 2642 1217 2668 et

234 2694 465 2729 minutissimae
482 2690 686 2732 discipliuae
704 2686 831 2723 scbola.

741 121 900 159 DECL.
942 122 1014 159 DE
1047 120 1318 159 SEBALDO
1352 119 1688 161 MUNSTERO.

666 2030 755 2063 laedi
785 2041 882 2062 suam
911 2029 1203 2062 existimationem
1230 2038 1231 2042 ¹

2151 123 2225 160 460

1339 206 1411 241 Res
1427 207 1611 240 familiaris
1627 207 1701 250 illi,
1727 215 1767 243 ut
1789 209 1901 251 scitis,
1926 221 1998 244 non
2016 209 2132 254 ampla
2148 209 2225 249 fuit,

1238 259 1310 292 imo
1346 269 1390 290 ne
1420 257 1604 291 mediocris
1632 258 1794 302 quidem,
1829 261 1888 293 sed
1921 260 2036 294 tenuis
2070 267 2104 294 et
2136 271 2225 304 pene

1239 310 1380 349 affecta,
1414 308 1587 354 planeque
1618 308 1716 349 talis,
1752 309 1891 354 qualem
1914 310 2083 344 Salomon
2107 321 2126 343 a
2149 309 2225 344 Deo

1239 366 1346 403 optat,
1373 370 1452 392 cum
1468 359 1532 392 ait:
1559 356 1772 392 Demensum
1787 371 1904 392 meum
1922 361 1965 394 da
1980 359 2080 394 mihi.
2113 358 2225 406 Atqui

1239 410 1367 443 scimus
1390 421 1462 442 non
1485 409 1591 454 paulo
1611 409 1779 443 maiorem
1796 409 1962 444 virtutem
1981 422 2072 453 esse,
2094 423 2132 445 re
2150 423 2226 444 mo-

1239 461 1316 494 dica
1343 466 1376 494 et
1397 470 1458 493 sua
1483 465 1688 494 contentum
1712 460 1846 493 vivere:
1873 460 2070 502 fortunam,
2093 461 2226 507 qualis-

1240 523 1378 556 cunque
1392 522 1409 543 a
1427 509 1503 543 Deo
1519 510 1684 553 contigit,
1710 510 1796 544 boni
1821 511 2002 544 consulere
2014 537 2024 552 ‚
2047 523 2155 557 eaque
2169 512 2226 556 pie

1240 574 1279 595 ac
1306 559 1452 595 honeste
1474 561 1548 601 uti,
1582 572 1655 594 non
1679 558 1818 594 inhiare
1846 561 1970 594 alienis
1993 561 2228 603 facultatibus,

1241 612 1375 645 nemini
1394 611 1570 652 invidere,
1595 611 1729 645 nullius
1745 623 1886 646 cursum
1904 612 2095 656 impedire,
2121 624 2226 657 quam

1241 662 1444 706 ingentibus
1485 662 1612 706 opibus
1655 674 1867 708 quocunque
1907 663 2013 696 modo
2054 661 2229 707 quaesitis,

1242 713 1424 757 splendide
1450 713 1513 747 uti.
1575 711 1832 746 Patrimonium
1854 713 1913 746 ille
1934 711 2001 746 hoc
2031 709 2230 757 pulcherri-

1241 776 1338 797 mum
1367 770 1401 796 et
1427 763 1681 807 amplissimum
1717 763 1789 796 suis
1822 764 2039 809 relinquere‘
2058 763 2231 803 studebat,

1243 825 1385 858 nempe,
1410 813 1539 846 famam
1561 820 1724 857 paternae
1747 814 1933 859 probitatis
1956 821 1988 848 et
2004 814 2114 854 vitae,
2141 813 2231 847 libe-

1243 876 1365 898 rorum
1381 864 1475 908 piam
1489 876 1527 897 ac
1542 870 1670 897 rectam
1686 864 1960 899 institutionem:
1985 864 2133 898 alterum
2151 863 2232 909 qui-

1244 916 1323 948 dem
1339 914 1540 959 plenissime
1560 921 1765 948 consecutus
1789 922 1856 953 est,
1885 916 2033 949 alterum
2056 914 2232 959 praeclare

1244 966 1422 1009 inceptum
1446 965 1635 999 immatura
1654 977 1747 998 mors
1768 966 1967 1010 interrupit.
2019 963 2137 1011 Atque
2161 965 2232 998 uti-

1244 1028 1326 1050 nam
1348 1016 1478 1050 multos
1503 1016 1589 1049 tales
1613 1016 1878 1060 patresfamilias
1901 1017 1968 1049 iam
1992 1016 2149 1049 civitates
2169 1013 2232 1048 ha-

1244 1068 1388 1107 herent,
1415 1078 1566 1112 quorum
1583 1067 1726 1105 domus,
1754 1074 1791 1101 ut
1811 1067 1972 1101 Doctoris
1990 1065 2132 1100 Sebaldi
2154 1065 2233 1103 fuit,

1245 1123 1358 1150 essent
1375 1117 1470 1150 velut
1493 1128 1619 1159 parvae
1639 1118 1808 1161 quaedam
1829 1116 2024 1157 Ecclesiae,
2052 1117 2089 1149 in
2105 1116 2234 1162 quibus

1245 1165 1448 1202 Christiana
1482 1166 1667 1210 disciplina
1701 1179 1740 1199 ac
1774 1168 1934 1201 doctrina
1967 1167 2116 1211 vigeret,
2158 1173 2233 1200 tum

1245 1218 1369 1263 procul
1387 1217 1498 1250 dubio
1515 1217 1640 1250 melius
1656 1224 1688 1251 et
1705 1216 1940 1262 Respublicae
1956 1224 2069 1251 essent
2090 1215 2234 1251 habitu-

1246 1281 1323 1307 rae,
1351 1274 1383 1301 et
1399 1267 1517 1301 minus
1533 1264 1759 1301 horribilium
1778 1269 2017 1313 exemplorum
2040 1266 2125 1301 haec
2141 1274 2234 1302 aetas

1246 1320 1416 1364 paritura.

1349 1367 1442 1408 Dixi,
1456 1369 1498 1401 de
1522 1369 1680 1402 moribus
1697 1375 1728 1403 et
1745 1369 1814 1403 vita
1831 1367 1937 1403 huius
1953 1369 2038 1410 viri,
2065 1376 2103 1403 ut
2127 1368 2237 1414 potui,

1249 1420 1402 1454 breviter
1419 1419 1572 1464 quidem,
1592 1420 1635 1452 de
1653 1420 1778 1453 studiis
1795 1427 1827 1454 et
1843 1420 2003 1453 doctrina
2022 1421 2142 1453 eadem
2158 1420 2237 1453 bre-

1249 1472 1355 1505 vitate
1379 1470 1546 1514 experiar.
1599 1469 1716 1503 Prima
1741 1471 1834 1503 enim
1858 1478 1950 1504 aetas
1972 1470 2023 1503 illi
2040 1477 2114 1504 acta
2133 1477 2182 1504 est
2200 1470 2235 1503 in

1250 1522 1292 1555 iis
1311 1521 1443 1565 literis,
1478 1532 1565 1566 quae
1588 1520 1615 1553 si
1639 1521 1712 1554 ullo
1742 1521 1778 1554 in
1803 1519 1962 1562 homine,
1990 1521 2026 1554 iu
2050 1521 2111 1555 illo
2136 1527 2239 1562 certe,

1250 1584 1398 1611 nomen,
1425 1572 1567 1616 vimque
1593 1583 1690 1604 suam
1713 1572 2005 1616 comprobarunt;
2034 1569 2123 1605 nihil
2145 1572 2239 1605 enim

1252 1623 1312 1655 illo
1340 1620 1548 1661 humanius,
1583 1619 1673 1654 nihil
1705 1623 1864 1662 suavius,
1896 1620 1988 1655 nihil
2017 1623 2135 1656 mitius
2164 1623 2241 1662 fuit,

1253 1679 1313 1706 aut
1338 1672 1567 1705 tractabilius.
1621 1670 1731 1716 Atqui
1755 1673 1797 1704 ab
1824 1685 1863 1705 eo
1888 1673 2012 1705 efl'ectu
2032 1673 2146 1706 studia
2171 1670 2239 1705 hu-

1253 1722 1431 1756 manitatis
1455 1722 1545 1754 dicta
1569 1733 1640 1755 esse
1663 1729 1818 1763 constat,
1844 1723 1936 1768 quod
1951 1748 1958 1759 ,
1986 1730 2023 1756 ut
2040 1722 2163 1756 Cicero
2182 1723 2242 1764 ait,

1226 1800 1228 1812 .
1253 1775 1294 1807 ad
1320 1773 1580 1817 percipiendam
1604 1773 1856 1818 colendamque
1877 1773 2042 1807 virtutem
2063 1774 2242 1814 adiuvent,

1254 1832 1357 1869 atque
1383 1823 1471 1855 illud
1497 1821 1650 1867 ἠθικὸν,
1681 1821 1746 1857 hoc
1772 1831 1838 1861 est,
1866 1824 2071 1857 suavitatem
2092 1832 2124 1858 et
2142 1837 2241 1858 man-

1254 1874 1489 1913 suetudinem,
1516 1874 1551 1905 in
1575 1874 1712 1914 animis,
1739 1875 1897 1907 moribus
1919 1881 1952 1908 et
1972 1875 2041 1909 vita
2058 1872 2243 1909 hominum

1256 1925 1415 1957 efficiant.
1471 1924 1516 1957 l⁷t
1534 1935 1614 1956 vero
1633 1925 1697 1956 alia
1717 1932 1805 1957 terra
1824 1925 1934 1958 cultui
1953 1926 2061 1968 magis
2076 1926 2245 1960 obediens

1257 1983 1325 2015 est,
1354 1976 1419 2008 alia
1437 1975 1570 2013 minus,
1599 1975 1643 2008 ita
1664 1975 1801 2017 ingenia
1819 1988 1959 2021 quoque
1977 1976 2043 2009 alia
2062 1976 2138 2009 aliis
2159 1977 2244 2010 faci-

1259 2027 1326 2059 lius
1351 2026 1559 2063 lleetuntur,
1593 2026 1859 2071 sormanturque
1883 2027 2053 2059 doctrina.
2107 2026 2153 2061 At
2170 2025 2245 2060 Do-

1259 2077 1344 2110 cturi
1364 2077 1515 2109 Sebaldu
1537 2076 1617 2109 iude
1633 2088 1742 2122 usque
1762 2090 1778 2109 a
1799 2077 1946 2120 pueritia
1966 2077 2145 2119 ingenium
2163 2089 2247 2112 con-

1260 2129 1334 2171 tigit
1354 2128 1430 2160 lene
1448 2140 1485 2159 ac
1504 2125 1718 2167 humanum,
1741 2129 1833 2173 quud
1862 2134 2043 2172 postquam
2060 2129 2247 2173 disciplina

1261 2186 1290 2211 et
1311 2178 1420 2211 literis
1444 2178 1552 2210 excoli
1574 2179 1707 2222 coepit,
1736 2178 1835 2211 facile
1861 2191 1981 2211 omues
2007 2185 2188 2214 venustate
2209 2191 2248 2214 ac

1261 2230 1431 2263 suavitate.
1451 2241 1588 2261 morum
1607 2229 1792 2273 superavit.

1365 2279 1502 2313 Deinde
1527 2291 1727 2323 progressus
1749 2286 1879 2321 aetate,
1905 2280 1948 2313 de
1972 2281 2142 2316 sententia
2161 2282 2250 2316 ami-

1264 2342 1384 2363 corum
1401 2329 1458 2363 lus
1476 2330 1578 2363 civile
1592 2331 1724 2363 discere
1740 2331 1871 2374 coepit,
1898 2331 1935 2364 in
1957 2332 2101 2378 eiusque
2122 2339 2249 2368 tracta-

1267 2382 1361 2415 tione
1381 2394 1451 2413 non
1469 2381 1610 2426 quidem
1635 2381 1864 2420 infoeliciter,
1891 2382 2040 2416 fideliter
2062 2390 2155 2417 certe
2172 2395 2249 2417 ver-

1266 2439 1358 2464 satus
1383 2439 1443 2466 est.
1495 2432 1685 2476 Quumque
1712 2440 1834 2465 natura
1860 2445 1877 2465 a
1907 2433 2027 2466 litibus
2050 2441 2082 2467 et
2106 2435 2252 2479 strepitu

1267 2483 1332 2515 sori
1351 2481 1556 2515 abhorreret
1576 2483 1723 2521 animus,
1748 2484 1995 2528 tranquillitati
2013 2491 2042 2518 et
2061 2485 2169 2529 quieti
2189 2498 2252 2519 na-

1269 2541 1342 2572 tus,
1381 2534 1510 2578 quique
1538 2534 1646 2575 magis
1675 2534 1957 2571 benevolentiae.
2000 2546 2103 2579 quam
2138 2537 2253 2570 litium

1242 2617 1244 2625 ,
1271 2585 1344 2617 iura
1371 2595 1527 2616 exercere
1549 2585 1801 2624 coiisuevisset,
1835 2596 1905 2617 uon
1932 2584 1989 2617 ille
2015 2586 2156 2630 quidem
2177 2588 2254 2621 soro

1272 2647 1432 2678 prorsum
1458 2635 1645 2675 abstinuit,
1682 2636 1739 2668 sed
1765 2643 1879 2668 tamen
1906 2635 1940 2667 in
1968 2635 2256 2680 interpretatione

1274 2686 1358 2719 iuris
1384 2699 1420 2719 ac
1447 2687 1604 2719 docendo
1629 2686 1846 2731 potissimum
1865 2699 2006 2730 operam
2030 2689 2258 2733 consumpsit,
