2338 2958
79 127 130 164 25

76 213 265 248 ficultatem
277 237 286 253 ,
308 217 348 245 ut
369 211 473 255 longe
491 211 627 245 minore
644 212 824 258 impendio
844 213 937 246 bona
955 223 1059 257 quam

76 264 168 298 mala
202 273 264 296 vos
297 274 432 307 sperem
466 261 695 299 assecuturos}
760 263 930 306 Deligunt
961 263 1060 296 vobis

76 320 318 360 praeceptores
341 313 447 346 vestri
473 326 561 358 quae
584 326 624 347 ex
648 326 713 348 usu
730 321 779 348 est
799 314 904 354 scire,
932 314 1059 346 frivola

75 370 281 403 secernunt,
315 370 419 409 atque
442 364 467 396 ii
492 363 620 398 Latina
646 365 810 410 quidem,
846 364 951 397 simul
979 376 1058 397 cum

75 415 213 450 Latinis
225 413 358 448 Graeca
379 414 485 455 disci,
512 422 544 448 et
562 416 708 455 debent,
735 421 768 449 et
783 415 884 448 facile
900 422 1059 459 possunt.

74 464 187 500 Modo
212 465 397 498 succisivas
420 466 555 510 aliquot
581 463 684 499 horas
703 465 847 499 Graecis
870 467 968 509 date,
997 477 1058 508 ego

73 517 153 551 faxo
178 516 295 549 studio
319 528 358 549 ac
384 516 505 549 labore
533 528 628 557 meo,
664 528 707 549 ne
729 529 833 560 opera
860 528 922 550 vos
946 522 1059 549 vestra

73 568 276 602 frustretur.
328 566 456 601 Statim
484 566 578 600 enim
610 567 654 600 ab
685 567 787 600 initio
817 567 1057 601 difficultatem

73 618 126 652 rei
157 617 416 651 Grammaticae
447 618 660 661 optimorum
690 615 878 651 authorum
909 618 1059 651 lectione

74 669 276 713 temperabo
291 695 301 709 ‚
326 674 365 702 ut
386 669 480 713 quod
496 667 569 701 illic
585 669 702 711 regula
714 696 722 709 ,
748 666 804 701 hic
823 669 977 712 exempla
994 670 1059 701 do-

75 727 186 754 ceant.
250 717 403 752 Accedet
441 719 556 752 obiter
592 719 630 751 in
670 717 881 753 authoribus
917 720 1058 752 interim

73 771 168 816 quod
195 770 237 802 ad
262 781 392 810 moreS‚
426 769 482 802 vel
505 781 622 802 rerum
646 777 856 803 secretarum
878 771 1058 803 scientiam

73 821 241 866 pertinet:
274 820 392 853 omnia
415 820 443 852 si
470 820 706 861 contuleritis,
733 819 970 865 pulcherrime
995 822 1058 854 ab-

73 872 210 906 solvent
225 871 345 904 orbem
363 870 572 904 studiorum.
624 870 705 905 Erit
720 872 814 905 enim
833 884 935 905 curae
959 870 1059 912 mihi,

73 929 114 956 ut
136 934 199 967 pro
229 933 267 954 re
292 933 380 966 quae
415 921 582 955 videntur
613 922 801 965 diligenter
836 924 1057 956 admoneam.

72 972 269 1006 Homerum
286 969 458 1006 habemus
473 972 510 1004 in
529 972 710 1014 manibus,
727 971 898 1006 habemus
914 981 947 1007 et
957 973 1058 1006 Pauli

71 1021 271 1068 Epistolam
289 1023 333 1055 ad
353 1022 489 1058 Titum.
541 1021 609 1055 Hic
632 1031 786 1067 spectare
802 1024 904 1057 vobis
929 1024 1059 1064 licebit,

74 1081 245 1120 quantum
266 1073 435 1106 sermonis
454 1073 668 1117 proprietas,
695 1075 739 1107 ad
758 1074 985 1118 intelligenda
1004 1086 1059 1107 sa—

73 1136 214 1158 crorum
231 1123 412 1168 mysteria,
439 1124 611 1157 conferat:
637 1125 819 1169 quiditem
840 1125 979 1159 intersit
1002 1126 1058 1158 in-

73 1181 127 1209 ter
159 1174 366 1218 interpretes
388 1174 519 1208 Graece
550 1175 688 1216 doctos,
725 1182 758 1209 et
791 1176 962 1210 indoctos.
1016 1176 1057 1209 In

71 1225 151 1259 aliis
169 1231 251 1258 nota
266 1225 356 1258 mala
374 1236 437 1268 pro
463 1225 564 1259 bonis
580 1226 773 1267 ducantur,
800 1227 835 1260 in
862 1225 929 1261 hoc
951 1239 1058 1270 nego-

71 1276 126 1310 cio
143 1276 276 1310 diutius
292 1275 377 1309 citra
396 1276 565 1309 iacturam
583 1276 733 1320 ineptire
751 1290 823 1312 non
845 1278 937 1312 licet.
990 1277 1059 1311 Ca-

70 1326 197 1372 pessite
215 1337 296 1369 ergo
313 1338 396 1359 sana
421 1327 553 1367 studia,
581 1334 612 1360 et
632 1329 726 1372 quod
751 1341 768 1361 a
795 1328 902 1363 Poeta
923 1329 1056 1362 dictum

71 1385 141 1418 est,
174 1378 291 1410 animo
315 1377 463 1410 volvite:
503 1376 702 1410 Dimidium
733 1379 816 1412 facti
841 1379 903 1423 qui
931 1380 1058 1421 coepit,

70 1426 188 1462 habet.
249 1426 380 1471 Sapere
407 1428 554 1468 audete,
590 1435 724 1461 veteres
758 1428 905 1461 Latinos
941 1429 1057 1466 colite,

71 1477 206 1512 Graeca
227 1477 496 1521 amplexamini,
522 1478 596 1510 sine
618 1479 747 1523 quibus
765 1478 892 1512 Latina
917 1479 1056 1512 tractari

69 1535 163 1563 reete
179 1534 372 1574 nequeunt.
423 1526 474 1560 Ea
498 1540 562 1572 pro
581 1529 740 1561 omnium
767 1529 947 1562 literarum
978 1541 1057 1568 usu,

69 1579 253 1624 ingenium
268 1579 363 1612 alent
379 1578 519 1619 mitius,
545 1591 583 1612 ac
607 1579 798 1622 elegantius
822 1581 1058 1625 undequaque

70 1631 232 1665 reddent.
293 1629 418 1663 Paucis
443 1629 546 1663 annis
576 1630 738 1673 prodiere
760 1630 796 1663 in
828 1631 960 1672 lucem,
997 1631 1056 1675 qui

70 1681 173 1716 vobis
199 1688 232 1715 et
257 1681 415 1725 exemplo
440 1687 471 1714 et
495 1680 637 1713 stimulo
667 1681 753 1714 sint:
801 1680 936 1714 videor
963 1682 1056 1714 enim

71 1733 191 1766 videre
207 1729 297 1764 mihi
314 1731 438 1765 tacitus
456 1730 589 1775 aliquot
613 1731 700 1764 locis
725 1731 946 1764 reflorescere
965 1730 1056 1764 Ger—

70 1783 246 1820 maniam,
283 1782 456 1826 planeque
483 1781 641 1814 moribus
673 1788 706 1814 et
731 1782 913 1815 communi
938 1779 1057 1813 homi-

70 1845 158 1867 num
175 1844 279 1865 sensu
294 1832 495 1869 mitescere,
515 1839 547 1864 et
567 1832 665 1876 quasi
680 1832 826 1865 cicurari
838 1859 846 1871 ,
863 1844 951 1877 quae
968 1831 1058 1865 Bar-

71 1882 168 1917 baris
186 1883 271 1915 olim
289 1882 486 1926 disciplinis
507 1882 632 1922 effera,
657 1882 775 1915 nescio
796 1882 881 1927 quid
905 1883 1056 1916 immane

71 1933 173 1967 solita
193 1940 243 1966 est
259 1932 404 1976 spirare.
460 1931 613 1965 Proinde
634 1933 793 1966 locabitis
806 1945 965 1977 operam,
983 1946 1056 1967 non

71 1985 177 2018 modo
196 1983 382 2016 commodo
399 1988 533 2023 vestre,
560 1995 672 2028 eoque
689 1984 733 2016 ad
750 1991 906 2028 posteros
926 1996 1053 2029 propa-

71 2036 207 2079 gando,
242 2034 302 2066 sed
337 2033 483 2066 omnino
510 2033 641 2076 gloriae
671 2046 744 2067 non
770 2035 1056 2069 intermoriturae

70 2085 247 2128 Principis
266 2084 427 2118 omnium
445 2096 618 2117 consensu
636 2085 779 2129 optimi,
807 2085 868 2130 qui
884 2084 976 2119 nihil
994 2087 1056 2120 ad-

71 2136 228 2170 serendis
244 2135 347 2169 bonis
365 2135 476 2168 literis
493 2132 598 2169 habet
614 2136 741 2179 potius.
767 2134 940 2181 Equidem
960 2138 1055 2181 quod

72 2187 116 2220 ad
153 2198 207 2220 me
236 2186 380 2226 attinet,
408 2183 500 2218 nihil
526 2198 598 2219 non
624 2187 806 2227 connitar,
838 2199 881 2221 ne
905 2189 1056 2221 defuisse

73 2236 127 2270 vel
144 2236 352 2281 pientissimi
370 2235 544 2280 Principis
560 2237 752 2277 voluntati,
779 2238 833 2271 vel
855 2238 980 2273 studiis
997 2251 1056 2272 ve-

71 2287 153 2322 stris
168 2286 292 2331 optimi
309 2285 497 2321 Auditores
512 2287 643 2324 videar.
696 2287 814 2333 Atque
831 2286 897 2323 hoc
914 2302 968 2322 me
989 2302 1056 2323 no-

71 2338 168 2372 mine
194 2337 292 2372 vobis
309 2335 504 2371 Clarissimi
522 2338 610 2379 viri,
637 2336 847 2372 Academiae
866 2339 1057 2374 Saxonicae

70 2388 274 2432 Principes,
307 2388 432 2421 addico
450 2400 488 2421 ac
505 2389 679 2430 devoveo,
702 2397 856 2424 vestrum
882 2392 948 2425 erit
969 2392 1057 2425 adu-

71 2439 274 2474 lescentiam
291 2450 404 2472 meam
423 2439 526 2472 bonis
541 2440 651 2474 literis
669 2448 921 2481 consecratam,
950 2443 1056 2475 mini—

70 2502 127 2524 me
161 2490 263 2523 malis
299 2490 435 2523 artibus
468 2490 661 2532 imbutam,
701 2493 854 2538 denique
887 2493 923 2525 in
952 2493 1055 2526 fidem

71 2547 223 2575 vestram
251 2541 372 2574 sedulo
390 2541 687 2583 commendatam,
715 2543 865 2588 benigne
883 2544 1056 2578 officiose-

71 2603 139 2637 que
154 2591 245 2626 tueri
263 2604 301 2625 ac
319 2603 536 2628 conservare.
588 2590 682 2628 Dixi.

639 125 799 163 DECL.
833 125 908 161 DE
942 124 1366 163 MAXIMILIANO
1399 127 1554 165 CAES.
2052 132 2100 166 26

1151 213 1216 249 No.
1236 213 1268 248 3.
1921 231 1968 249 an.
1988 220 2081 253 1519.

1923 266 2093 279 Μ

1306 315 1380 356 De
1408 314 1746 357 Maximillam
1777 317 1900 360 Caes.

1181 402 1328 437 Separatim
1351 402 1436 433 edita,
1458 402 1508 428 vid.
1532 402 1598 436 Epp.
1622 403 1683 428 Vol.
1708 406 1728 431 1.
1756 415 1780 438 p.
1802 406 1863 438 69.,
1883 406 1935 434 ,ubi
1956 407 2095 441 epistolam

1216 438 1440 468 nuncupatoriam
1453 437 1484 462 ad
1502 436 1721 463 [Ierzhaimerum
1737 440 1866 467 dedimus.
1902 441 2005 466 [iecusa
2026 441 2095 475 apud

1215 471 1326 497 Craton.
1343 471 1410 504 Myl.
1426 479 1451 504 p.
1467 471 1543 502 431„
1562 472 1587 496 in
1609 473 1654 499 sel.
1675 473 1750 498 Deci.
1773 476 1805 499 T.
1820 474 1854 500 ll.
1875 484 1899 509 p.
1912 475 1971 503 567.
2009 475 2040 500 ln
2052 475 2093 500 ed.

1212 506 1325 531 Sei-vest.
1340 505 1373 531 11.
1394 516 1419 540 p,
1439 506 1488 531 537
1507 515 1548 540 sq.
1584 505 1711 532 Richard.
1728 507 1759 532 11.
1780 518 1805 541 p.
1821 509 1879 534 653.

1112 588 1236 621 Oratio
1275 584 1446 631 funebris
1491 585 1595 620 dicta
1629 585 1713 620 divo
1754 584 2094 623 Mammiliano

1112 639 1285 681 Caesari,
1317 636 1763 723 ΙΓὶἰίεηόειῃασΙὶιιξΙιὶῖ.
1786 639 2093 683 Melanchthone,

1505 699 1566 722 an.
1620 699 1643 722 o
1697 712 1706 721 .

1113 758 1161 799 Si
1179 777 1348 810 unquam,
1365 763 1598 797 Illustrissimi
1610 763 1789 808 Principes
1801 789 1810 803 ,
1827 763 2006 808 Magistri,
2024 764 2095 799 Re-

1112 824 1241 853 ctores,
1277 815 1565 859 praestantissimi
1601 815 1688 855 viri,
1729 826 1826 848 casus
1860 815 1988 860 aliquis
2022 828 2094 848 non

1114 868 1217 900 modo
1235 867 1420 899 universae
1438 864 1670 904 Germaniae,
1697 867 1756 898 sed
1776 866 1922 899 omnino
1940 866 2005 899 toti
2020 865 2095 899 Eu—

1112 929 1218 961 ropae
1252 918 1395 950 acerbus
1423 917 1589 949 accidisse
1620 917 1733 949 videri
1759 923 1891 961 potest,
1921 914 1978 949 hic
2006 924 2097 950 certe

1112 969 1223 1002 multo
1240 968 1408 1007 maxime,
1430 968 1553 1011 optimi
1571 966 1746 1010 Principis
1768 968 1842 1000 divi
1858 966 2095 1000 Maximiliani

1113 1019 1274 1053 interitus
1291 1018 1441 1062 publicis
1452 1018 1611 1051 omnium
1630 1016 1818 1063 lachrymis
1833 1018 2016 1051 deflendus
2033 1025 2096 1051 est.

1112 1070 1201 1103 Nam
1228 1076 1366 1113 ereptus
1393 1075 1442 1102 est
1468 1069 1571 1101 terris
1594 1080 1686 1101 unus
1704 1069 1888 1111 omnium,
1917 1069 1977 1114 qui
2004 1067 2096 1102 Ger-

1112 1121 1225 1154 manis
1246 1120 1511 1164 imperaverunt
1528 1119 1753 1163 Principum,
1780 1119 1892 1153 multo
1909 1120 2096 1163 sapientis-

1112 1172 1220 1205 simus
1249 1178 1282 1204 et
1312 1171 1544 1211 fortissimus,
1576 1172 1619 1203 ad
1653 1168 1717 1203 hoc
1743 1183 1782 1203 eo
1814 1177 1989 1214 tempore,
2027 1183 2096 1215 quo

1112 1224 1272 1257 nondum
1295 1223 1393 1255 aliud
1426 1222 1493 1255 fuit
1524 1221 1580 1253 vel
1614 1221 1834 1255 commodius
1866 1221 2097 1254 declarandae

1113 1275 1234 1307 virtuti
1257 1272 1506 1313 Caesarianae,
1535 1273 1591 1305 vel
1616 1273 1726 1315 magis
1751 1273 2002 1313 necessarium,
2036 1284 2096 1305 cu—

1113 1325 1165 1358 ius
1189 1325 1250 1357 ille
1272 1324 1456 1367 ambiguos
1477 1335 1575 1356 casus
1599 1323 1768 1367 sapientia
1793 1335 1852 1356 sua
1877 1329 2096 1367 temperaret.

1112 1376 1217 1417 Quod
1236 1375 1329 1407 enirn
1346 1375 1413 1407 fuit
1430 1374 1585 1406 seculum
1602 1375 1645 1406 ab
1663 1374 1738 1417 ipso
1759 1373 1971 1406 Germaniae
1988 1384 2095 1416 regno

1112 1426 1290 1462 dedicato,
1327 1436 1396 1468 quo
1432 1425 1487 1456 vel
1516 1422 1692 1456 Ecclesiae
1728 1436 1811 1467 opes
1845 1424 2096 1467 periculosiore

1113 1476 1189 1508 loco
1214 1475 1366 1513 fuerint,
1400 1474 1454 1506 vel
1480 1474 1614 1506 turbidi
1638 1475 1763 1506 modus
1792 1475 1920 1507 certius
1949 1475 2094 1508 exitium

1112 1526 1295 1558 universae
1311 1522 1496 1567 Europae,
1524 1524 1653 1556 nedum
1673 1522 1886 1556 Germaniae
1906 1525 2096 1568 portende—

1112 1576 1207 1609 rint?
1259 1574 1390 1608 Ilorret
1413 1575 1551 1607 animus
1575 1575 1706 1606 dicere:
1734 1573 2008 1607 Crudelissimns
2030 1587 2096 1607 no-

1112 1627 1216 1660 minis
1249 1624 1443 1659 Christiani
1479 1623 1588 1658 hostis
1615 1624 1731 1657 Turca
1766 1625 1927 1659 imminet
1964 1625 2095 1660 ltaliae.

1113 1678 1225 1712 Roma
1250 1676 1289 1710 in
1312 1676 1436 1709 mediis
1459 1676 1625 1710 fluctibus
1648 1672 1896 1719 ἀλαόσκοῖτος,
1923 1689 2010 1721 quae
2034 1678 2096 1709 de-

1112 1729 1215 1761 bebat
1230 1727 1395 1761 universo
1415 1727 1509 1767 orbi,
1538 1727 1641 1759 nobis
1657 1733 1772 1760 autem
1790 1727 1960 1767 maxime,
1984 1727 2095 1761 veluti

1111 1779 1289 1824 quoddam
1314 1777 1553 1818 domicilium,
1579 1784 1611 1810 et
1639 1789 1699 1809 arx
1721 1777 1980 1820 trepidantibus
2001 1778 2094 1811 salu-

1110 1830 1188 1864 tari.
1242 1827 1382 1862 Galliae
1401 1840 1488 1873 quae
1505 1829 1542 1860 in
1559 1827 1665 1860 armis
1682 1839 1793 1860 annos
1812 1828 1879 1860 iam
1900 1829 1972 1861 sere
1989 1828 2095 1873 quin-

1111 1880 1276 1925 quaginta
1295 1891 1312 1912 a
1329 1878 1458 1913 Carolo
1476 1890 1586 1924 usque
1605 1885 1727 1912 octavo
1744 1878 1814 1921 agit
1829 1879 1984 1919 assidua,
1999 1891 2094 1912 nun—

1110 1943 1214 1976 quam
1234 1942 1347 1975 neque
1362 1931 1510 1963 maiores
1527 1929 1650 1967 animi,
1678 1941 1741 1962 nec
1758 1941 1834 1973 spes
1850 1929 2092 1973 impotentior,

1110 1994 1223 2026 neque
1244 1981 1379 2014 occasio
1402 1981 1571 2024 amplior,
1604 1992 1718 2024 neque
1742 1980 1882 2013 fortuna
1905 1981 2095 2024 indulgen-

1110 2033 1179 2066 tior
1194 2033 1272 2065 suit.
1323 2031 1453 2075 Reguli
1471 2031 1684 2065 Germaniae
1701 2031 1828 2074 passim
1855 2031 2006 2075 patriae,
2033 2043 2093 2064 ve-

1109 2096 1237 2129 raeque
1262 2081 1494 2116 Germanicae
1519 2082 1658 2115 virtutis
1683 2081 1924 2122 immemores,
1955 2082 2092 2116 intesti-

1109 2135 1164 2168 nis
1200 2134 1302 2167 hellis
1334 2145 1394 2167 sua
1430 2134 1638 2166 labefactare
1672 2139 1873 2176 coeperunt.
1932 2131 2009 2166 Hoc
2030 2133 2093 2166 illo

1110 2193 1267 2230 tempore
1284 2185 1443 2218 sublatus
1461 2191 1509 2217 est
1528 2195 1566 2216 ex
1588 2183 1698 2216 oculis
1716 2183 1902 2227 mediaque
1920 2184 1996 2217 luce
2005 2182 2093 2217 Cae-

1108 2248 1184 2277 sar,
1212 2233 1379 2279 orphanis
1390 2242 1506 2278 pater,
1530 2235 1628 2267 cuius
1645 2234 1828 2277 prudentia
1843 2240 1876 2267 et
1892 2234 2094 2267 incredibili

1109 2286 1350 2320 moderatione
1376 2285 1504 2326 animi,
1538 2291 1576 2318 ut
1606 2284 1829 2317 foelicissimo
1852 2285 2009 2328 profectu
2035 2297 2094 2317 eo-

1110 2351 1176 2384 que
1191 2350 1299 2381 prope
1316 2349 1420 2381 supra
1439 2337 1562 2376 fidem,
1587 2335 1623 2368 in
1641 2333 1735 2368 hunc
1757 2346 1867 2379 usque
1889 2335 1980 2368 diem
2002 2334 2094 2368 Ger-

1109 2389 1244 2423 maniae
1271 2389 1391 2421 laudes
1417 2398 1570 2431 opesque
1594 2393 1714 2419 auctae
1739 2392 1837 2418 sunt:
1866 2386 1912 2419 ita
1934 2386 2002 2427 nisi
2029 2386 2092 2419 illo

1110 2441 1184 2484 ipso
1199 2439 1332 2473 arbitro
1350 2444 1383 2471 et
1407 2444 1601 2477 servatore,
1627 2443 1717 2470 stare
1741 2448 1813 2469 non
1841 2443 1968 2470 temere
1992 2443 2093 2480 pote-

1109 2497 1207 2524 runt.
1262 2489 1342 2523 Iure
1365 2489 1472 2531 igitur
1493 2489 1685 2521 dolendum
1711 2494 1760 2520 est
1786 2487 1912 2520 amisso
1935 2485 2093 2527 Caesare,

1109 2549 1143 2576 et
1161 2543 1255 2574 bono
1273 2540 1456 2584 Principe,
1481 2546 1513 2572 et
1529 2539 1623 2571 bono
1642 2538 1738 2579 viro,
1766 2550 1836 2583 quo
1854 2538 1934 2571 vivo
1953 2545 1992 2571 ut
2010 2538 2092 2582 pul-

1109 2591 1281 2625 cherrime
1317 2591 1514 2624 floruerunt
1547 2589 1760 2623 Germaniae
1795 2589 1995 2629 commoda,
2044 2588 2090 2621 ita

1110 2650 1268 2681 mortuo,
1301 2654 1373 2675 non
1404 2647 1549 2686 possunt
1581 2653 1653 2673 non
1675 2640 1734 2673 illa
1760 2651 2001 2673 emarcescere.
2053 2635 2088 2671 Ο

1110 2687 1345 2728 miserabilem
1368 2691 1522 2737 Reipub.
1551 2698 1719 2732 mortem,
1752 2703 1773 2724 o
1795 2691 1917 2723 acerba
1940 2689 2089 2721 Germa—
