2338 2958
209 147 284 182 607

633 133 790 171 DECL.
833 131 907 167 DE
940 125 1396 166 CONIUNCTIONE
1427 125 1801 165 SCHOLARUM.

2153 128 2226 164 608

213 229 348 265 ordinis
362 226 530 271 dignitate
543 221 729 267 quicquam
744 218 890 261 decerpo
902 243 912 258 ,
937 227 1063 250 ornare
1076 214 1192 259 potius
1244 220 1363 248 ternae
1379 212 1417 246 in
1432 211 1587 246 tenebris
1607 212 1682 245 sine
1698 210 1826 257 lychno
1849 214 1968 248 nullus
1984 225 2066 247 usus
2084 220 2134 247 est
2145 241 2152 253 ,
2180 214 2229 247 ita

213 292 335 316 omnes
354 279 490 312 studeo:
517 279 550 305 et
571 269 717 304 memini
738 268 871 301 dictum
888 265 1107 306 Aristotelis,
1132 264 1195 309 qni

214 340 253 366 ut
283 329 449 372 significet
479 322 598 356 multis
628 319 794 363 gradibus
819 324 921 362 atque
950 316 1081 349 artibus
1104 316 1195 348 vitae

215 392 303 425 opns
325 389 413 415 esse,
439 373 571 417 inquit:
598 370 678 403 Non
698 381 737 402 ex
754 368 890 400 medico
907 374 940 400 et
956 367 1111 405 medico,
1137 366 1196 398 sed

215 444 255 464 ex
279 428 413 462 medico
437 431 471 457 et
494 421 646 466 agricola
668 420 706 453 fit
728 419 867 458 civitas,
893 417 927 449 id
955 423 1022 457 est,
1048 415 1198 449 coniun-

217 481 278 514 ctis
302 476 468 511 omnibns
491 472 641 509 artibus,
669 481 754 515 quas
771 467 866 501 Dens
889 467 1063 507 ostendit,
1088 472 1127 499 ut
1145 466 1198 498 vi—

215 538 270 564 tae
299 525 470 571 praesidia
498 524 579 557 sint.
632 519 803 562 Magnum
833 518 979 551 omnino
1011 518 1116 550 decus
1149 522 1199 548 est

217 590 337 613 eorum
363 576 423 620 qni
449 574 580 607 curiam
604 571 818 614 gubernant,
845 580 907 601 nec
930 567 1047 599 minus
1065 572 1111 599 est
1132 565 1200 597 mi—

218 631 320 663 litum
351 626 411 671 qni
442 624 547 657 armis
569 620 745 665 Rernpnb.
771 624 905 661 tegunt.
957 616 1094 650 Deinde
1118 627 1200 648 snus

219 681 316 712 locus
340 683 389 710 est
407 673 584 717 agricolis,
610 670 817 708 artificibus,
842 668 931 701 adde
949 667 1051 699 etiam
1069 676 1201 698 merca-

219 730 364 764 toribus.
416 726 509 758 Deus
533 721 643 755 voluit
665 718 825 752 homines
850 718 942 750 inter
956 728 991 749 se
1009 714 1073 748 hac
1089 715 1202 747 varie-

220 786 287 814 tate
303 776 495 811 officiorum
514 771 693 805 devinctos
707 780 789 802 esse.
842 766 910 801 Sed
927 778 1029 811 quem
1042 766 1083 798 ad
1097 765 1201 797 finem

220 829 305 864 haec
334 837 478 860 munera
510 821 627 855 omnia
649 818 829 852 referenda
853 817 958 850 sunt?
1008 815 1110 849 Dicet
1132 816 1204 847 for-

221 879 319 913 tassis
342 876 465 920 aliquis
479 871 625 917 Epicuri
649 871 691 902 de
717 880 817 911 grege
842 878 979 911 porcus:
1007 865 1055 899 [t
1078 866 1114 897 in
1134 865 1204 896 vita

222 926 411 972 tranquilla
435 924 586 957 suaviter
607 921 767 953 fruamur
784 917 1040 961 voluptatibus,
1068 928 1105 948 ac
1119 926 1204 958 pan-

222 980 320 1013 latim
342 976 460 1009 nativo
484 974 598 1006 calore
620 970 833 1012 deflagrante
857 968 930 1000 sine
949 978 1008 1011 spe
1026 965 1206 998 immorta-

224 1028 330 1063 litatis
363 1025 498 1070 placide
531 1029 777 1066 putrescamns.
848 1017 943 1051 Haec
977 1028 1058 1049 vero
1096 1014 1207 1047 oratio

223 1081 325 1125 plena
355 1073 585 1119 turpitudinis
614 1083 653 1104 ac
682 1068 819 1102 sceleris
848 1074 908 1100 est.
960 1066 1034 1099 lmo
1060 1066 1138 1098 ideo
1165 1065 1207 1096 ad

225 1129 423 1163 societatem
454 1122 586 1157 conditi
609 1127 690 1154 sunt
716 1117 894 1156 homines,
929 1124 969 1151 ut
991 1117 1028 1148 in
1051 1114 1115 1148 hac
1138 1116 1209 1147 sre—

225 1177 365 1226 quentia
387 1177 499 1209 luceat
522 1171 651 1206 noticia
667 1168 751 1209 Dei,
778 1175 810 1201 et
825 1167 920 1201 Deus
945 1167 1140 1199 celebretur
1157 1171 1209 1198 at·-

226 1242 292 1275 que
310 1229 510 1263 invocetur,
535 1230 568 1256 et
586 1221 646 1254 alii
663 1221 706 1252 ab
723 1218 798 1250 aliis
815 1230 851 1249 ea
868 1217 1028 1249 doctrina
1046 1216 1210 1247 imbuan-

225 1288 301 1318 tur,
335 1288 422 1321 qnae
448 1273 581 1307 aditum
611 1271 653 1303 ad
683 1275 857 1301 aeternam
887 1265 1059 1299 laeticiam
1089 1270 1121 1297 et
1144 1263 1210 1296 Dei

225 1325 513 1364 consuetudinem
529 1319 700 1366 patefacit.
752 1317 910 1351 Similem
925 1316 1032 1358 igitur
1049 1313 1137 1347 hanc
1153 1326 1211 1346 so-

226 1381 382 1414 cietatem
407 1373 589 1407 hominum
611 1367 749 1403 scholae
765 1379 837 1400 esse
852 1365 1066 1408 intelligitis,
1091 1365 1128 1396 in
1144 1375 1211 1408 qua

227 1432 270 1464 de
285 1428 359 1462 Deo
385 1432 416 1458 et
441 1426 482 1457 de
504 1423 633 1455 virtute
652 1419 835 1463 praecipue
854 1415 1079 1450 commentari
1096 1412 1212 1447 homi-

227 1491 288 1514 nes
305 1482 450 1521 oportet.
502 1472 619 1506 Huius
635 1477 752 1503 coetus
768 1467 945 1500 domicilia
962 1472 1042 1499 sunt
1058 1464 1212 1509 politiae.

228 1529 274 1564 Et
297 1527 378 1562 huic
403 1535 539 1558 summo
556 1521 674 1567 operi,
701 1519 832 1552 scilicet
847 1517 1027 1550 doctrinae
1043 1525 1213 1559 propaga-

228 1579 317 1614 tioni
341 1577 469 1610 servire
493 1573 642 1607 curiam:
671 1571 792 1609 duces,
820 1567 1006 1605 exercitus,
1033 1565 1214 1608 agricolas,

229 1630 387 1675 opifices,
413 1624 565 1668 denique
579 1631 701 1654 omnes
718 1619 807 1652 vitae
822 1618 949 1660 gradus
966 1616 1215 1649 existimemus.

229 1680 303 1715 Cur
317 1677 430 1712 David
457 1674 547 1707 bella
572 1670 657 1704 foris
682 1670 841 1712 gerebat,
868 1679 941 1699 non
966 1672 1005 1699 ut
1027 1665 1063 1697 in
1090 1665 1213 1697 urbem

231 1725 454 1772 triumphans
492 1724 535 1757 ab
575 1717 768 1764 elephantis
804 1714 1044 1750 inveheretur:
1087 1715 1146 1747 sed
1177 1720 1215 1746 ut

231 1779 329 1826 pueri
353 1784 385 1811 et
408 1775 544 1820 puellae
565 1770 680 1809 domi,
715 1770 750 1801 in
773 1767 922 1810 templo,
949 1766 985 1798 in
1007 1763 1136 1798 scholis
1161 1764 1216 1796 di-

232 1835 365 1866 scerent
386 1827 524 1863 literas,
552 1823 705 1864 legerent
727 1817 895 1863 Moysen,
928 1815 1091 1849 audirent
1106 1814 1218 1847 inter-

232 1887 345 1926 pretes
371 1877 454 1919 legis
477 1881 510 1907 et
533 1869 826 1916 promissionum,
862 1867 896 1899 in
921 1866 1048 1911 quibus
1071 1876 1105 1897 se
1122 1862 1217 1897 Dens

233 1930 447 1976 patefecerat.
503 1922 621 1957 Armis
639 1921 796 1953 virorum
814 1917 958 1950 fortium
975 1923 1091 1949 coetus
1110 1914 1162 1947 illi
1182 1914 1218 1946 in

233 1980 363 2023 templo
379 1985 412 2011 et
427 1973 555 2009 scholis
574 1971 800 2014 tegebantur,
827 1980 872 2000 ne
895 1966 1024 2000 noticia
1042 1963 1109 1998 Dei
1128 1964 1219 1996 inter

234 2030 395 2066 homines
412 2025 550 2071 penitus
565 2022 833 2063 extingueretur.
888 2015 938 2050 Ac
956 2015 1057 2060 pauci
1075 2015 1218 2059 quidem

235 2083 483 2127 gubernatores
509 2075 549 2107 ad
568 2071 658 2106 lianc
682 2077 806 2102 metam
825 2069 984 2101 tendunt.
1040 2065 1149 2098 lulius
1165 2064 1219 2097 di·-

237 2133 359 2168 micat,
394 2140 436 2160 ne
461 2127 504 2160 ab
526 2122 656 2157 invidis
680 2119 849 2163 dignitate
868 2117 1051 2161 spolietur.
1105 2114 1219 2148 Amo-

238 2184 316 2215 nius
349 2185 462 2211 movet
489 2175 597 2211 betta,
640 2178 676 2204 ut
705 2172 747 2203 de
780 2169 895 2202 alieno
924 2165 1073 2200 helluari
1102 2164 1219 2208 possit.

238 2233 305 2266 Sed
332 2231 366 2262 in
393 2225 545 2261 Ecclesia
572 2232 692 2255 omnes
718 2221 905 2264 prudentes
930 2217 1030 2250 illum
1048 2215 1220 2259 optimum

237 2285 340 2315 finem
362 2277 556 2323 prospicere
575 2275 672 2306 decet
686 2297 693 2309 ,
721 2269 981 2303 constituendas
999 2277 1070 2299 esse
1095 2273 1126 2299 et
1143 2276 1220 2298 mu-

240 2332 384 2365 niendas
407 2341 442 2360 ac
460 2325 622 2367 tegendas
642 2321 798 2366 politias,
826 2326 861 2351 ut
880 2319 916 2351 in
943 2318 990 2350 eis
1010 2316 1138 2349 noticia
1156 2314 1222 2348 Dei

238 2387 458 2428 propagetur.
513 2374 684 2409 Adiiciam
710 2371 894 2412 imaginem
921 2367 1074 2401 fortassis
1093 2365 1223 2400 insulse

239 2447 257 2467 a
282 2444 317 2465 re
341 2430 400 2462 vili
427 2433 612 2471 sumptam.
675 2422 742 2456 Sed
763 2429 877 2454 tamen
897 2418 1026 2452 multae
1044 2424 1124 2451 sunt
1143 2428 1222 2460 par-

239 2495 301 2516 vae
326 2480 552 2513 maximarum
575 2485 690 2507 rerum
715 2471 882 2513 imagines
899 2469 1061 2502 illustres.
1113 2466 1223 2510 Saepe

239 2531 327 2567 mihi
345 2528 510 2571 cogitanti
527 2527 568 2558 de
591 2524 660 2556 vita
686 2522 884 2560 rmnmuni,
909 2519 935 2551 si
959 2518 1101 2563 quando
1117 2516 1222 2550 mini-

240 2591 308 2618 ster
326 2587 430 2614 noctu
451 2575 620 2621 pratea-dit
641 2569 807 2618 lychnum
827 2577 962 2612 gestans
981 2569 1156 2601 inclusum
1173 2567 1223 2599 la—

241 2643 377 2671 ternae,
405 2628 498 2661 venit
525 2627 558 2658 in
583 2631 733 2656 mentem
762 2621 901 2665 politias
926 2619 1056 2652 similes
1078 2629 1150 2652 esse
1174 2617 1224 2650 la-

241 2693 378 2719 tornae.
409 2677 603 2711 d'octrinatn
629 2673 810 2705 coelestem
839 2668 978 2716 lychno.
1040 2668 1090 2702 Ac
1117 2673 1154 2701 ut
1174 2667 1223 2701 la-

1245 266 1350 298 nrbes
1373 262 1522 297 extincta
1545 262 1723 305 agnitione
1746 261 1831 300 Dei,
1865 270 1900 296 et
1922 276 2037 297 rernm
2055 264 2229 297 bonarum

1247 314 1426 354 doctrina,
1452 312 1596 346 inutiles
1605 313 1715 346 moles
1729 324 1811 347 esse.
1863 311 2058 348 Fatendum
2075 321 2123 347 est
2139 326 2232 357 ergo,

1247 363 1418 399 Ecclesias
1435 375 1474 396 ac
1497 369 1616 396 coetus
1639 374 1710 395 esse
1726 369 1903 407 oportere,
1923 364 1988 408 qui
2011 363 2124 397 Deum
2143 365 2232 397 cele-

1249 417 1371 454 brent,
1398 413 1459 458 qui
1481 413 1677 446 doctrinam
1703 414 1745 445 de
1772 413 1846 446 eius
1861 419 1987 446 natura
2004 421 2036 447 et
2053 414 2232 447 voluntate

1250 465 1377 510 passim
1403 469 1583 507 spargant:
1619 460 1686 496 hoc
1710 474 1813 495 nemo
1836 470 1973 506 praeter
1986 462 2153 508 Cyclopes
2170 475 2234 496 ne-

1250 527 1329 559 gare
1347 514 1502 547 audebit.
1555 512 1692 546 Deinde
1719 513 1782 545 etsi
1806 513 1910 546 multi
1925 513 2140 554 existimant,
2168 511 2234 547 ho-

1252 566 1363 599 mines
1387 564 1463 597 sine
1486 563 1616 601 literis,
1650 570 1775 596 natura
1799 563 1905 604 duce,
1937 563 2152 595 voluntatem
2167 563 2235 597 Dei

1253 626 1393 649 cernere
1410 626 1525 658 posse:
1554 620 1668 646 tamen
1683 625 1747 646 nos
1762 612 1798 644 in
1815 610 1968 646 Ecclesia
1986 613 2113 646 scimus
2121 611 2236 647 Deum

1255 666 1423 698 immensa
1447 664 1605 697 bonitate
1632 675 1704 696 sese
1722 663 1922 706 patefecisse
1937 662 2054 706 generi
2071 660 2238 704 humano,

1255 715 1356 748 certis
1372 721 1404 747 et
1420 714 1616 747 illustribus
1632 713 1858 753 testimoniis,
1884 720 1922 746 nt
1936 725 2095 746 arcanam
2112 713 2239 746 volun-

1256 772 1361 799 tatem
1388 764 1431 796 de
1454 771 1573 797 nostra
1598 764 1708 796 salute
1733 763 1836 796 nobis
1857 763 2059 796 declararet.
2112 762 2240 807 Legem

1257 816 1300 848 de
1322 814 1419 847 coelo
1441 814 1576 852 sonuit,
1603 813 1698 846 misit
1721 813 1852 853 filium,
1879 820 1912 847 et
1932 813 2067 847 addidit
2085 814 2240 847 testimo-

1259 866 1335 904 nia,
1367 863 1665 896 resuscitationem
1690 869 1929 903 mortuorum,
1974 870 2006 896 et
2039 863 2105 896 alia
2141 864 2242 905 facta,

1260 926 1347 960 quae
1374 914 1554 947 constabat
1581 913 1689 946 solius
1713 912 1777 946 Dei
1803 925 1908 956 opera
1935 925 2017 947 esse.
2072 913 2173 948 lussit
2209 921 2243 948 et

1259 966 1351 999 clara
1376 976 1459 997 voce
1480 963 1595 996 audiri
1618 963 1745 1000 filium,
1781 963 1959 1007 inquiens:
1993 962 2060 997 Hic
2085 971 2134 998 est
2150 964 2243 998 filius

1262 1026 1357 1048 meus
1373 1014 1538 1053 dilectus,
1568 1011 1662 1046 hunc
1686 1013 1813 1047 audite.
1867 1013 1986 1056 Quare
2002 1015 2160 1047 doctrina
2181 1027 2244 1047 ne-

1261 1065 1404 1099 cessaria
1431 1063 1625 1103 Ecclesiae,
1660 1075 1732 1096 non
1759 1070 1808 1096 est
1833 1063 2000 1107 sapientia
2030 1062 2245 1108 deprehensa

1263 1113 1499 1148 humanorum
1517 1113 1740 1157 ingeniorum
1759 1114 1958 1155 sagacitate,
1986 1115 2044 1147 sed
2062 1121 2110 1147 est
2121 1127 2245 1149 arcana

1262 1156 1433 1198 sententia
1449 1163 1515 1197 Dei
1534 1164 1665 1206 prolata
1681 1175 1742 1206 per
1761 1163 1870 1195 filium
1888 1176 1927 1196 ex
1941 1164 2019 1197 sinn
2035 1165 2166 1198 aeterni
2178 1164 2246 1199 Pa-

1264 1215 1342 1254 tris,
1370 1227 1473 1258 quam
1497 1212 1591 1246 Deus
1615 1213 1730 1246 statim
1756 1213 1858 1246 initio
1881 1215 2040 1247 mandari
2059 1215 2168 1248 literis
2184 1228 2246 1249 vo-

1265 1265 1348 1303 luit,
1373 1270 1413 1297 ut
1439 1264 1602 1296 omnibus
1624 1263 1794 1296 aetatibus
1815 1264 1982 1296 memoria
2009 1265 2082 1298 eius
2107 1278 2248 1300 conser-

1265 1315 1337 1347 vari
1370 1320 1495 1358 posset.
1555 1312 1726 1356 Magnum
1757 1320 1789 1346 et
1817 1313 2062 1347 admirandum
2087 1328 2175 1359 opus
2197 1325 2248 1351 est

1266 1377 1383 1398 rernm
1403 1363 1542 1398 creatio.
1595 1363 1663 1397 Sed
1681 1375 1752 1395 non
1772 1363 1887 1395 minus
1903 1364 2128 1405 beneficium,
2153 1368 2249 1411 qnod

1266 1427 1338 1448 sese
1363 1414 1542 1458 patefecit,
1578 1413 1709 1457 prodiit
1741 1414 1783 1445 ad
1813 1411 1992 1454 homines,
2032 1415 2251 1451 familiariter

1266 1465 1449 1498 nobiscum
1468 1463 1662 1497 collocutus
1685 1469 1732 1496 est
1746 1489 1756 1503 ‚
1782 1469 1819 1496 ut
1839 1463 1939 1496 adfici
1960 1475 1994 1496 se
2015 1477 2096 1498 cura
2115 1468 2250 1509 generis

1267 1514 1411 1549 hnmani
1431 1515 1640 1547 ostenderet.
1694 1512 1842 1546 Movcor
1866 1514 2044 1558 equidem,
2071 1523 2110 1550 ut
2128 1517 2170 1550 de
2187 1518 2252 1551 bo-

1268 1566 1375 1598 nitate
1400 1563 1464 1597 Dei
1490 1564 1658 1607 cogitem,
1694 1575 1771 1596 cnm
1800 1576 1914 1596 rernm
1941 1571 2099 1598 naturam
2125 1567 2252 1601 distin—

1269 1623 1358 1648 ctam
1375 1615 1527 1646 miraliili
1543 1614 1727 1651 varietate,
1755 1620 1787 1647 et
1807 1615 1849 1646 ad
1867 1626 1949 1647 usus
1964 1623 2101 1649 nostros
2116 1629 2252 1650 accom-

1268 1665 1443 1697 modatam
1469 1664 1671 1696 considero:
1706 1664 1764 1695 sed
1790 1663 1902 1697 multo
1922 1662 2160 1700 vehementius
2178 1681 2254 1702 mo-

1269 1727 1368 1751 veor,
1406 1714 1542 1758 quoties
1567 1715 1679 1757 cogito
1705 1713 1767 1747 Dei
1793 1714 1967 1758 colloquia
1991 1727 2069 1748 cum
2089 1715 2253 1752 Patribus

1269 1773 1301 1798 et
1317 1761 1520 1807 Prophetis,
1548 1771 1581 1796 et
1596 1761 1684 1796 lianc
1702 1763 1907 1797 familiarem
1918 1762 2050 1798 Christi
2068 1776 2254 1802 consuetu-

1270 1815 1388 1847 dinem
1417 1825 1494 1846 cum
1527 1813 1692 1847 universo
1724 1814 1872 1857 populo,
1907 1821 1939 1847 et
1965 1815 2076 1848 lucem
2102 1815 2256 1861 Spiritus

1270 1863 1380 1898 sancti
1399 1875 1552 1908 sparsam
1575 1865 1618 1896 de
1641 1864 1757 1901 coelo,
1784 1871 1816 1896 et
1836 1864 2010 1908 colloquia
2029 1863 2161 1901 Christi
2179 1865 2256 1912 post

1272 1913 1559 1948 resurrectionem
1585 1926 1663 1947 cum
1684 1913 1818 1947 multis.
1880 1913 1920 1947 ln
1947 1912 2071 1949 harum
2090 1918 2256 1952 maxima-

1272 1977 1349 1999 rum
1388 1976 1504 1997 rerum
1540 1964 1747 2007 cogitatione
1782 1964 1918 1997 assidue
1944 1966 2102 1999 omnium
2126 1976 2257 2002 mentes

1273 2015 1401 2048 versari
1421 2015 1598 2048 deberent.
1651 2014 1720 2047 Nec
1739 2027 1820 2047 vero
1838 2015 1963 2048 frustra
1976 2041 1984 2054 ,
2006 2023 2066 2050 aut
2082 2017 2157 2051 sine
2175 2031 2257 2053 can-

1273 2078 1308 2098 sa
1334 2065 1433 2098 toties
1456 2072 1524 2098 tam
1553 2064 1655 2098 claris
1679 2065 1886 2098 testimoniis
1909 2076 1944 2097 se
1972 2067 2129 2109 patefecit
2153 2066 2259 2103 Deus.

1274 2116 1352 2150 Non
1368 2115 1604 2148 existimemus
1619 2113 1702 2148 haec
1720 2115 1837 2147 inania
1856 2112 2053 2158 phasmata.
2081 2124 2141 2152 aut
2159 2131 2260 2162 prae-

1274 2166 1409 2208 stigias,
1431 2171 1490 2198 aut
1512 2165 1613 2198 ludos
1636 2176 1719 2200 esse.
1772 2163 1917 2208 Magnas
1941 2172 1973 2198 et
1996 2167 2100 2201 serias
2117 2179 2171 2202 res
2190 2170 2259 2213 egit

1275 2215 1369 2250 Dens
1381 2243 1390 2255 ,
1416 2216 1599 2249 ostendere
1622 2215 1733 2248 voluit
1756 2227 1791 2248 se
1809 2227 1887 2247 vere
1905 2216 2004 2248 adfici
2022 2229 2103 2251 cura
2120 2226 2260 2254 nostrae

1276 2267 1408 2300 salutis.
1470 2265 1592 2299 Voluit
1620 2272 1651 2298 et
1675 2277 1757 2298 suae.
1778 2265 1872 2303 voci,
1900 2278 1937 2298 ac
1964 2268 2146 2301 doctrinae
2164 2271 2260 2305 testi-

1275 2317 1392 2350 monia
1416 2316 1518 2350 nobis
1541 2316 1697 2353 tradere.
1725 2315 1760 2347 in
1789 2328 1856 2360 qna
1879 2317 2040 2350 coelestia
2066 2330 2210 2354 munera
2227 2329 2260 2356 et

1276 2367 1473 2400 societatem
1493 2377 1574 2399 suae
1599 2366 1828 2399 beatitudinis
1852 2367 1954 2399 nobis
1972 2367 2138 2411 impertit.
2189 2368 2260 2405 Nec

1276 2418 1383 2460 magis
1409 2416 1546 2455 Patres,
1580 2413 1792 2460 Prophetas,
1826 2414 2014 2460 Apostolos
2039 2418 2073 2450 in
2094 2419 2163 2452 illis
2176 2419 2261 2464 ipsis

1276 2468 1509 2501 familiaribus
1523 2466 1765 2509 congressibus
1778 2467 1995 2511 acquiescere
2010 2468 2137 2509 voluit,
2155 2482 2261 2515 quam

1278 2519 1312 2550 in
1350 2518 1423 2562 ipsa
1457 2517 1615 2550 doctrina
1645 2517 1729 2550 velit
1765 2529 1885 2550 omnes
1913 2515 2072 2551 homines
2100 2521 2260 2555 omnium

1276 2575 1426 2602 aetatum
1443 2567 1670 2612 acquiescere.
1705 2565 1750 2601 Ut
1769 2579 1885 2600 coram
1907 2566 2088 2601 manifesto
2105 2569 2141 2602 in
2155 2571 2260 2604 lumi—

1277 2631 1320 2652 ne
1348 2619 1435 2652 vidit
1462 2617 1601 2662 Moyses
1618 2616 1750 2657 Deum,
1775 2624 1869 2651 stans
1897 2617 1932 2649 in
1952 2629 2054 2661 rupe:
2082 2620 2130 2653 sic
2149 2627 2260 2656 tecum

1277 2676 1370 2702 certo
1391 2681 1469 2701 eum
1486 2668 1638 2713 colloqui
1654 2668 1760 2705 scias.
1784 2666 1919 2711 quotics
1940 2665 2002 2701 hos
2022 2668 2261 2713 ipsos-‚libellos
