2338 2958
96 117 170 153 465

96 214 175 237 rum
195 199 380 234 cruciatus.
433 196 486 231 lta
503 197 567 230 sub
585 204 723 242 tempus
747 198 873 232 excidii
890 198 1011 243 populi
1030 196 1090 230 Iu-

95 251 204 292 daici,
231 248 326 282 Deus
353 247 542 293 Apostolos
566 255 599 282 et
622 255 760 283 sanctos
782 261 882 290 suos,
908 249 996 282 alios
1019 249 1088 281 alio

93 313 184 340 casu.
210 299 337 344 partim
353 301 396 332 ad
418 311 453 332 se
471 300 711 340 transferebat,
738 300 865 344 partim
885 311 924 332 ex
943 299 984 332 iis
1001 298 1087 331 locis

90 350 304 389 abducebat,
331 362 394 394 per
411 361 500 395 quae
519 350 578 382 illa
597 347 773 383 horrenda
791 357 974 394 tempestas
994 349 1085 382 itura

90 409 174 436 erat.
229 399 275 434 Et
296 401 441 435 suerunt
458 398 542 433 baec
561 412 699 444 semper
715 398 808 434 haud
825 402 972 434 obscura
991 400 1084 431 indi-

89 452 142 486 cia
165 451 396 484 maximarum
415 451 653 485 calamitatum
677 451 978 494 impendentium,
1007 462 1083 483 cum

89 503 177 536 honi
204 508 308 546 atque
331 502 381 545 pii
404 502 574 545 paulatim
599 513 662 534 suo
685 502 834 546 quisque
858 502 928 534 sato
954 500 1083 534 sublati

90 559 190 593 sunt,
217 564 261 585 ue
279 559 416 585 tautum
434 552 590 585 dolorem
610 559 772 594 caperent
791 563 830 584 ex
848 552 949 584 ruina
976 557 1007 583 et
1024 563 1083 583 va—

90 603 206 637 stitate
229 614 366 643 rerum,
399 614 488 636 neve
514 602 551 634 in
576 601 669 645 ipsos
695 614 836 646 quoque
861 602 976 646 aliqua
1002 613 1082 644 pars

91 665 213 687 eorum
239 653 410 686 fluctuum
437 652 662 686 redundaret.
717 651 797 685 Non
823 659 958 685 tautum
986 652 1079 683 cuim

89 716 152 749 per
168 704 380 737 defectiones
397 703 499 741 solis,
523 709 581 735 aut
608 701 712 734 lunae
725 729 733 742 ,
762 714 822 746 per
840 703 955 736 stellas
972 703 1080 735 crini-

89 761 160 792 tas,
189 766 251 798 per
267 754 446 787 columnas
469 752 559 796 ignis
578 752 613 784 in
631 755 708 785 ae‘re
729 753 905 793 volantes,
932 765 994 796 per
1012 753 1079 785 alia

88 805 123 837 id
149 816 258 848 genus
279 810 432 844 ostenta,
457 804 592 836 mundo
616 803 759 836 exitium
776 804 874 837 Deus
902 815 1079 847 praenun-

90 855 170 895 ciat,
195 855 253 887 sed
271 861 304 888 et
322 866 383 897 per
397 859 596 886 sanctorum
613 865 755 886 snorum
775 855 967 892 interitum,
993 865 1080 898 quos

88 917 167 938 cum
186 905 282 937 velut
299 904 454 937 triticum
472 910 607 947 separat
631 904 833 949 colligitque
853 905 887 937 in
909 902 1076 937 horreum

86 967 208 994 suum,
235 954 404 997 significat
427 966 462 988 se
487 954 591 998 paulo
616 961 694 998 post
719 955 884 988 incendio
912 956 1076 989 daturum

86 1016 159 1038 esse
177 1004 303 1049 paleas.

186 1053 372 1089 Debebant
389 1055 497 1098 igitur
515 1056 636 1088 saltem
654 1052 738 1087 haec
760 1056 914 1099 exempla
933 1057 975 1088 ad
995 1068 1077 1100 poe-

85 1106 269 1139 nitentiam
296 1118 458 1139 revocare
483 1104 661 1142 homines,
688 1105 717 1137 si
737 1117 808 1137 non
832 1106 936 1148 plane
957 1118 1077 1139 excor-

87 1158 165 1194 des,
193 1163 225 1189 et
242 1156 371 1189 obsessi
390 1168 407 1188 a
425 1155 553 1189 Satana
569 1162 693 1188 esseut.
743 1155 810 1188 Sed
829 1156 978 1188 nimium
997 1168 1075 1189 vere

86 1207 175 1240 dixit
197 1206 335 1247 Esaias,
364 1206 426 1238 ista
452 1218 523 1238 non
549 1206 662 1238 curari
688 1217 705 1237 a
729 1207 880 1245 mundo,
908 1213 1016 1239 ruunt
1039 1207 1074 1239 in

86 1257 230 1291 exitium
255 1269 355 1289 suum
371 1283 379 1296 ,
414 1263 446 1289 et
470 1257 612 1300 quidem
637 1253 808 1288 horribile
833 1263 937 1301 atque
965 1264 1072 1290 aeter-

85 1320 184 1347 num,
202 1305 373 1347 homines,
394 1318 466 1339 nou
481 1318 578 1339 secus
595 1318 633 1339 ac
651 1306 711 1350 qui
727 1306 822 1339 rabie
837 1307 964 1340 conciti
983 1308 1075 1341 serro

85 1370 125 1390 ac
142 1357 293 1401 propriis
311 1357 475 1390 dentibus
494 1357 624 1389 xiscera
648 1368 708 1389 sua
735 1356 908 1397 lacerant,
933 1364 964 1390 et
983 1364 1074 1391 totus

85 1409 239 1440 mundus
256 1406 494 1440 tristissimum
513 1406 749 1450 spectaculum
767 1414 815 1440 est
831 1407 894 1440 ista
914 1408 1075 1441 conside-

86 1458 190 1490 ranti.
246 1457 299 1489 Pii
323 1470 405 1490 vero
427 1455 482 1490 his
506 1457 671 1501 exemplis
696 1457 798 1491 fidem
823 1470 918 1490 suam
946 1459 1074 1491 confir-

86 1515 204 1547 mant,
231 1520 270 1540 ac
293 1508 388 1541 velut
413 1520 430 1541 e
457 1509 654 1553 propinquo
680 1520 774 1552 spem
800 1520 896 1541 suam
915 1516 1073 1542 contem-

84 1559 244 1603 plantur,
274 1558 394 1592 vident
420 1559 488 1591 iam
518 1567 658 1602 portum
683 1559 948 1603 tranquillitatis
972 1567 1074 1603 atque

84 1616 245 1643 aeternae
259 1609 393 1649 salutis,
416 1609 454 1641 in
471 1621 574 1654 quern
594 1616 627 1642 et
643 1609 710 1653 ipsi
727 1621 766 1641 ex
785 1607 851 1642 boc
867 1610 1073 1643 turbulento

83 1660 171 1694 mari
188 1658 360 1693 foeliciter
374 1659 446 1693 sint.
460 1659 664 1703 ingressuri.
699 1658 832 1694 Vident
849 1666 969 1693 contra
988 1657 1072 1693 hor-

84 1711 212 1745 rendas
239 1710 409 1754 procellas
439 1717 472 1743 et
497 1708 710 1756 charybdes,
743 1722 831 1755 quae
855 1710 981 1754 impios
1002 1710 1073 1744 sint

84 1762 323 1805 absorpturae,
349 1760 429 1793 illos
447 1767 603 1801 monent,
630 1761 818 1805 multisque
835 1773 916 1794 cum
933 1758 1072 1805 lachry-

83 1812 151 1846 mis
167 1813 397 1850 obtestantur,
414 1822 458 1843 ne
475 1811 521 1843 ita
539 1811 786 1844 miserabiliter
800 1817 955 1855 pereant,
972 1823 1073 1854 prae-

84 1863 208 1895 dicunt
230 1861 300 1893 illis
323 1860 488 1899 exitium,
517 1868 699 1898 revocant,
727 1873 863 1893 servare
889 1867 1072 1896 conantur.

85 1912 155 1947 Sed
172 1912 278 1944 surdo
296 1918 438 1951 canunt,
461 1923 574 1955 neque
591 1912 627 1944 id
644 1917 794 1950 tantum,
822 1923 940 1944 verum
959 1918 992 1945 et
1009 1924 1070 1954 pro

83 1963 193 2007 gratia
214 1961 453 1995 saevissimum
476 1962 620 2000 odium,
655 1962 912 2004 persecutiones
938 1969 970 1995 et
995 1963 1070 1995 dira

83 2012 254 2057 supplicia
281 2012 520 2052 lucrifaciunt,
548 2012 628 2046 talia
657 2013 804 2056 σῶστρα
830 2013 982 2046 reddunt
1006 2010 1071 2045 bo-

84 2064 196 2097 mines
213 2063 356 2101 sanctis,
383 2063 615 2097 reddiderunt
636 2070 667 2096 et
690 2069 769 2095 aute
787 2061 927 2096 Christo
950 2063 1071 2096 salutis

84 2114 211 2148 autori.
249 2113 330 2147 Nou
346 2113 454 2156 igitur
470 2113 608 2153 mirum,
635 2113 662 2146 si
683 2113 731 2145 ira
749 2119 782 2145 et
802 2113 924 2157 poeuis
942 2113 1071 2147 divinis

84 2165 235 2197 inundat
250 2162 308 2197 hic
325 2165 490 2198 mundus.
535 2161 635 2197 Nihil
653 2163 746 2196 enim
764 2171 833 2196 tam
851 2176 991 2196 saevum
1011 2171 1072 2197 aut

86 2212 256 2247 horribile
279 2214 423 2257 cogitari
448 2222 579 2258 potest,
606 2215 700 2259 quod
727 2226 797 2246 uon
826 2214 889 2247 ista
913 2214 1071 2258 impietas

88 2265 190 2308 louge
206 2271 381 2307 exuperet.

186 2315 255 2349 Sed
281 2315 402 2347 desino
419 2314 518 2359 queri
537 2316 579 2348 de
602 2314 771 2358 pravitate
790 2315 933 2353 mundi,
961 2315 1072 2355 cuius,

86 2366 175 2399 sicut
189 2365 368 2398 verissime
382 2364 513 2397 dictum
532 2372 594 2405 est,
618 2378 655 2398 ea
673 2372 721 2399 est
739 2373 875 2404 natura,
903 2373 941 2399 ut
957 2379 1070 2411 neque

85 2416 168 2450 vitia
184 2428 244 2449 sua
255 2443 264 2456 ,
292 2427 355 2448 nec
371 2414 525 2448 remedia
540 2416 630 2449 ferre
646 2417 768 2459 possit.
807 2415 861 2449 Ad
882 2414 1069 2450 Doctorem

84 2467 276 2500 Sebaldum
300 2466 423 2504 redeo,
455 2466 498 2497 de
522 2478 592 2510 quo
616 2464 702 2498 mihi
728 2465 814 2499 haec
840 2467 996 2500 instituta
1021 2475 1071 2500 est

86 2517 218 2557 oratio,
244 2518 342 2550 cuius
366 2516 545 2556 interitus,
572 2516 634 2549 etsi
653 2517 755 2550 uobis
771 2517 913 2562 quidem
939 2518 1070 2551 luctum

87 2580 125 2599 ac
146 2578 338 2600 moerorem
361 2566 534 2605 attulerit,
562 2567 622 2611 qui
646 2567 777 2609 optimo
796 2567 889 2608 viro,
912 2568 1070 2601 fidelissi-

85 2630 142 2649 mo
162 2616 293 2657 amico,
322 2615 466 2650 homine
489 2617 568 2650 utili
594 2617 630 2649 in
654 2615 718 2650 hac
736 2615 853 2651 schola
880 2619 993 2651 orbati
1012 2631 1071 2651 su-

85 2678 176 2706 mus,
202 2675 316 2700 tamen
335 2668 368 2699 id
386 2679 451 2699 nos
470 2667 621 2700 vicissim
643 2668 815 2700 consolari
834 2669 949 2709 debet,
976 2670 1070 2714 quod

131 2719 308 2750 Meum-n.
335 2719 438 2752 Onu.
465 2715 547 2751 Vol..
578 2719 641 2751 XI.

647 110 804 148 DECL.
840 111 912 147 DE
949 109 1229 149 GUELPHO
1263 112 1414 148 DUCE
1451 112 1578 152 BAV.

2058 122 2129 157 466

1139 203 1179 230 ut
1195 196 1296 230 illum
1314 199 1356 230 ad
1379 206 1539 234 aeternae
1558 201 1756 237 foelicitatis
1779 204 1894 238 sedem
1911 202 1993 240 binc
2011 215 2125 242 trans-

1138 247 1249 280 latum
1277 258 1348 281 esse
1372 261 1444 282 non
1470 252 1686 291 dubitamus,
1717 254 1762 287 ita
1785 267 1849 288 nos
1868 269 2028 302 quoque,
2059 261 2120 293 ubi

1138 298 1286 330 miseriis
1303 295 1408 331 huius
1426 300 1516 333 vitae
1532 304 1702 345 perfuncti
1722 305 1870 345 erimus,
1904 308 2026 341 eodem
2045 322 2123 353 per-

1137 355 1304 405 venturos
1327 360 1398 406 esse
1416 350 1562 389 scimus,
1589 355 1649 385 ubi
1667 367 1743 388 cum
1765 369 1824 395 eo,
1853 357 1999 403 aliisque
2022 371 2122 403 prae-

1136 405 1359 430 stanllsslmls
1377 411 1414 433 ac
1438 402 1664 436 sanctissimis
1682 406 1765 439 viris
1783 408 1825 439 de
1842 408 1945 441 rebus
1963 410 2120 444 coelesti-

1135 449 1210 487 bus,
1235 449 1279 480 de
1297 448 1431 482 infinita
1448 451 1604 485 bonitate
1621 466 1659 486 ac
1678 457 1845 498 sapientia
1866 457 1942 498 Dei,
1969 467 2002 493 et
2020 473 2120 505 prae-

1135 499 1234 541 cipue
1257 500 1299 531 de
1325 497 1390 533 hoc
1416 501 1643 535 inenarrabili
1674 506 1839 539 beneficio
1865 509 1991 552 ipsius,
2024 513 2118 556 quod

1135 548 1266 582 Filium
1296 561 1397 582 suum
1423 563 1486 594 pro
1511 553 1614 586 nobis
1642 558 1881 597 peccatoribus
1906 561 2119 594 redimendis

1133 600 1298 640 tradidit,
1324 603 1659 644 commentabimur,
1681 618 1839 651 quaeque
1857 621 1949 642 nunc
1968 612 2119 645 tenebris

1134 647 1237 683 huius
1255 651 1368 683 caruis
1386 652 1547 693 involuti,
1564 655 1709 688 obscure
1727 669 1764 689 ac
1774 658 1868 691 velut
1885 671 1945 702 per
1959 667 2117 695 transen-

1132 712 1212 733 nam
1229 701 1422 734 cernimus.
1451 715 1487 735 ea
1507 711 1589 737 tuuc
1611 706 1802 739 clarissima
1821 708 1856 740 in
1875 709 1950 742 luce
1974 723 2045 744 non
2065 713 2117 745 vi-

1131 751 1290 784 debimus
1308 760 1462 793 tantum,
1488 755 1545 787 sed
1568 762 1599 788 et
1616 756 1653 789 in
1671 764 1852 790 aeternum
1871 759 1912 792 iis
1930 760 1965 792 in
1983 773 2116 796 summa

1132 802 1266 834 laeticia
1283 809 1316 835 et
1335 803 1522 838 foelicitate
1541 806 1773 848 perfruemur.
1817 808 1998 844 Praeclare
2016 813 2117 846 divus

1130 851 1348 886 Bernardus:
1378 853 1496 895 Mors,
1522 856 1657 900 inquit,
1685 858 1874 902 impiorum
1893 861 2038 904 pessima
2058 870 2116 902 est,

1130 915 1280 947 quorum
1299 911 1330 937 et
1348 905 1510 938 nativitas
1529 908 1629 947 mala,
1658 915 1690 941 et
1707 910 1774 942 vita
1795 911 1902 952 peior.
1950 911 2018 945 Sed
2038 925 2117 957 pre-

1129 953 1219 985 ciosa
1240 966 1332 987 mors
1348 962 1395 987 est
1413 963 1622 997 sanctorum,
1646 959 1749 1002 plane
1768 960 1924 1004 inquam,
1950 963 2118 1006 preciosa,

1129 1010 1167 1035 ut
1184 1016 1271 1048 quae
1289 1012 1321 1037 et
1347 1005 1425 1038 finis
1450 1006 1609 1040 laborum
1628 1016 1695 1049 est,
1723 1016 1754 1042 et
1772 1010 1937 1044 victoriae
1954 1024 2116 1046 cousum—

1129 1055 1256 1093 matio,
1291 1055 1476 1099 aditusque
1498 1064 1530 1090 et
1554 1058 1657 1092 ianua
1681 1061 1723 1092 ad
1751 1060 1857 1093 vitam
1880 1073 1917 1095 ec
1942 1070 2116 1097 aeternam

1128 1105 1356 1138 securitatem.
1410 1105 1504 1141 Dixi.

1141 1290 1205 1323 No.
1222 1290 1282 1325 60.
1925 1314 1970 1332 an.
2000 1305 2088 1335 1539.

1407 1396 1481 1437 De
1516 1397 1719 1454 Guelpho
1750 1405 1829 1442 ete.

1195 1482 1307 1521 Proditi-
1321 1483 1384 1509 baec
1405 1483 1492 1509 oratio
1515 1485 1595 1510 simul
1617 1496 1680 1512 cum
1701 1487 1769 1512 alia:
1797 1488 1920 1519 „Oratio
1942 1491 1959 1518 Ι.
1980 1492 2061 1518 Ionae
2082 1495 2113 1520 de

1227 1517 1321 1541 studiis
1336 1517 1502 1551 theologicis.
1542 1520 1710 1545 Declamatio
1725 1522 1823 1555 scripta
1836 1533 1849 1547 a
1864 1522 1926 1548 Vito
1940 1524 2114 1560 VVinsemio,

1228 1551 1254 1574 in
1276 1560 1326 1583 qua
1350 1552 1495 1590 recitatur,
1517 1555 1657 1586 quomodo
1678 1554 1816 1587 Guelplius
1837 1571 1863 1574 -—
1880 1573 1912 1576 —-
1932 1560 1988 1585 —-.¹¹
2025 1561 2113 1587 Viteb,

1226 1583 1300 1609 1539.
1320 1585 1344 1610 8.
1382 1585 1423 1610 Cf.
1439 1587 1555 1612 btrobel.
1573 1588 1636 1613 bibl.
1654 1590 1787 1615 Melanth.
1803 1591 1855 1616 No.
1870 1591 1928 1618 2¹6.
1951 1608 1983 1612 —
2012 1594 2113 1622 Recusa

1227 1618 1299 1657 ,³Pufi
1315 1619 1388 1644 Crat.
1402 1619 1471 1654 Myl.
1492 1631 1517 1655 p.
1531 1620 1581 1646 846
1594 1630 1670 1655 sqq.‚
1695 1622 1721 1647 in
1737 1624 1886 1653 Declamat.
1905 1625 1936 1652 T.
1952 1627 1984 1654 ll.
2004 1638 2028 1661 p.
2042 1629 2092 1654 606
2105 1650 2112 1663 y

1227 1661 1255 1677 in
1270 1654 1383 1680 serves«.
1403 1653 1436 1678 Τ.
1452 1654 1485 1680 ll.
1507 1665 1532 1689 p.
1547 1655 1606 1682 595.
1624 1662 1648 1681 et
1662 1657 1731 1690 apud
1746 1657 1873 1684 Richard.
1893 1659 1925 1685 T.
1942 1661 1974 1687 ll.
1991 1672 2016 1697 p.
2030 1663 2090 1689 858.

1124 1733 1365 1766 Declamatio
1388 1737 1534 1778 scripta
1557 1746 1580 1768 a
1605 1736 1686 1770 Viro
1708 1737 1951 1782 Winshemio,
1980 1744 2019 1776 in
2042 1755 2114 1788 qua

1123 1786 1312 1816 recitatur
1348 1782 1526 1828 historia,
1575 1787 1750 1830 quomodo
1783 1789 1989 1835 Guelfus
2021 1794 2114 1828 Dux

1123 1835 1316 1867 Bavariae
1351 1833 1531 1869 liberatus
1570 1839 1621 1870 sit
1652 1840 1821 1881 periculo
1855 1842 1894 1874 in
1928 1841 2113 1878 obsidione

1129 1886 1419 1931 thspergyensi,
1458 1888 1622 1933 coniugis
1655 1900 1748 1923 suae
1783 1889 2040 1928 honestissimo
2074 1900 2112 1929 et

1395 1940 1522 1970 tamen
1547 1936 1657 1983 vafro
1683 1941 1845 1975 consilio.

1125 2001 1234 2052 Quod
1259 2009 1370 2042 facere
1395 2010 1507 2044 solent
1533 2008 1588 2052 hi,
1616 2013 1675 2057 qui
1700 2014 1754 2046 vel
1781 2017 1872 2059 apud
1898 2029 1955 2050 eos
1976 2019 2110 2058 dicunt,

1123 2071 1275 2104 quorum
1294 2062 1336 2093 de
1353 2061 1532 2095 voluntate
1553 2062 1676 2096 incerti
1693 2072 1793 2104 sunt,
1822 2067 1874 2099 vel
1892 2079 2028 2102 causam
2044 2072 2109 2104 du-

1123 2111 1218 2144 biam
1236 2117 1268 2143 et
1287 2123 1409 2155 parum
1429 2113 1563 2145 firmam
1583 2121 1710 2155 agunt,
1739 2116 1791 2148 vel
1809 2117 1905 2150 nulla
1922 2119 2026 2152 officii
2048 2133 2109 2154 ne-

1123 2161 1278 2194 cessitate
1294 2162 1422 2202 coacti,
1451 2169 1584 2195 tantum
1604 2163 1642 2197 ἐκ
1660 2163 1741 2209 περὶ
1766 2165 1894 2206 οὐσίας
1914 2169 2028 2203 ociose
2052 2172 2108 2204 lu-

1123 2213 1230 2252 dunt,
1252 2218 1289 2244 ut
1311 2213 1511 2245 auditorum
1538 2214 1817 2249 benevolentiam
1842 2218 1944 2252 initio
1965 2220 2106 2254 dicendi

1123 2263 1191 2295 sibi
1214 2262 1361 2295 sollicite
1384 2270 1417 2296 et
1438 2271 1613 2305 accurate,
1640 2266 1680 2297 ad
1708 2266 1741 2297 id
1760 2267 1938 2302 elaborato
1962 2273 2105 2305 exordio

1122 2319 1305 2352 venentur,
1334 2313 1368 2345 id
1386 2325 1447 2356 ego
1466 2314 1501 2345 in
1519 2315 1711 2358 praesentia
1730 2318 1867 2360 penitus
1886 2323 2106 2363 praetermit-

1105 2371 1210 2406 flere,
1234 2370 1266 2396 et
1283 2363 1376 2396 iuxta
1394 2364 1526 2397 Atticas
1543 2365 1633 2407 leges
1650 2365 1738 2400 ἄνευ
1754 2368 1892 2403 παθῶν
1905 2369 1966 2404 καὶ
1981 2384 2105 2416 προοι-

1120 2412 1219 2458 μίων
1240 2414 1401 2457 protinus
1416 2415 1459 2447 ab
1486 2415 1558 2457 ipsa
1575 2428 1611 2448 re
1628 2417 1782 2460 incipere
1798 2420 1983 2462 constitui,
2010 2426 2103 2468 quod

1122 2472 1161 2498 ut
1196 2464 1338 2502 faciam,
1383 2465 1514 2508 duplici
1550 2466 1685 2499 ratione
1719 2469 1888 2503 adducor.
1947 2471 2103 2506 Primum

1122 2516 1214 2560 quod
1241 2512 1328 2547 mihi
1354 2517 1562 2558 persuadeo,
1591 2529 1650 2550 vos
1670 2517 1940 2563 Adulescentes,
1967 2530 2035 2556 tam
2054 2524 2104 2556 sa-

1122 2578 1202 2599 vere
1221 2563 1274 2598 bis
1294 2562 1509 2599 scholasticis
1531 2568 1723 2609 exercitiis,
1749 2582 1852 2614 quam
1879 2584 1915 2605 ea
1941 2574 2034 2606 scitis
2060 2575 2101 2605 ad

1121 2617 1297 2661 publicam
1319 2613 1478 2655 scholae,
1504 2629 1542 2650 ac
1559 2625 1707 2652 vestram
1725 2621 1923 2662 utilitatem,
1949 2635 2019 2655 non
2037 2623 2103 2654 mi-

1122 2680 1189 2700 nus
1213 2666 1378 2707 salutari,
1412 2679 1516 2712 quam
1547 2668 1640 2702 fideli
1664 2670 1809 2703 consilio
1839 2671 1997 2705 instituta
2023 2685 2105 2706 esse.

1450 2718 1500 2752 30
