2338 2958
71 100 144 137 241

71 186 132 232 qui
159 184 315 220 discendi
341 184 513 218 rationem
537 184 701 225 tradunt,
728 192 761 219 et
783 197 894 219 meam
919 192 1059 219 senten-

68 239 154 271 tiam
179 235 348 275 audiatis,
377 235 454 275 cui,
480 235 548 267 nisi
569 235 851 269 doctissimorum
873 234 1056 269 homiuum

67 286 264 321 testimonia
287 285 541 328 suffragantur,
569 298 641 319 non
660 288 797 330 postulo
816 294 853 320 ut
871 288 1056 328 accedatis;

66 338 121 371 siu
144 343 260 370 autem
287 343 320 369 et
341 336 625 380 locupletissimis
648 337 792 370 testibus
810 339 912 370 fidem
932 339 1055 379 secero,

66 393 100 422 et
122 387 336 431 gravissimis
354 387 567 430 argumentis
587 389 791 429 ostendero,
820 389 1052 431 promiscuam

65 438 162 472 illam
199 437 402 482 varisunque
434 437 624 471 lectionem
649 451 722 471 non
754 439 900 480 perinde
933 441 1052 473 invare

62 489 198 528 studia,
234 496 269 522 ut
294 489 437 533 quidam
462 488 678 529 existimant,
712 487 801 522 nihil
826 491 888 523 erit
916 491 1052 534 opinor,

63 550 126 573 cur
142 537 230 572 mihi
250 540 434 584 quisquam
456 537 538 572 haec
558 540 713 572 monenti
733 548 942 574 succenseat.
995 542 1052 575 Si-

62 597 119 624 cut
135 590 242 633 igitur
261 590 444 633 prudentia
462 597 509 623 est
525 596 656 622 certum
675 590 802 623 alicubi
819 592 1051 633 domicilium,

61 647 189 674 certam
213 642 349 679 sedem,
378 648 489 674 certos
511 638 640 673 lubere
664 641 772 682 lares,
800 642 844 675 ita
870 643 904 675 in
925 645 1049 676 studiis

61 703 200 725 necesse
223 698 274 726 est
296 692 454 725 animum
479 688 608 724 habere
626 700 738 726 certos
755 695 924 737 quosdam
945 701 1048 728 anto-

60 754 135 781 ηε,
160 744 202 776 ad
228 754 316 788 quos
340 754 394 783 se,
419 753 628 786 quacunque
652 744 695 775 de
719 755 755 775 re
778 744 968 788 disputatio
993 746 1048 778 in-

60 793 203 834 ciderit,
231 794 375 834 reserat,
396 804 483 837 quos
499 792 638 836 penitus
656 801 757 827 notos
774 792 916 837 habeat,
941 809 1048 841 quos-

59 855 128 889 que
144 845 187 877 de
203 844 370 877 omnibus
385 844 489 876 rebus
503 843 539 875 in
550 844 734 877 consilium
748 844 923 883 adhibeat.
966 847 1046 881 Non

58 901 158 928 vacat
172 902 287 928 autem
305 894 376 935 illi,
402 894 462 939 qui
482 894 519 926 in
536 896 702 928 omnibus
720 893 849 930 chartis
867 898 1046 931 excutien-

57 944 114 978 dis
134 957 275 990 operam
298 944 422 986 sumit,
448 945 591 978 incertis
612 946 791 991 aliquibus
814 948 949 992 scriptis
968 956 1046 983 tan-

56 994 165 1039 tisper
187 996 418 1036 commorari,
444 996 528 1029 dum
554 1003 587 1030 et
609 997 748 1040 penitus
771 1010 808 1031 ea
833 1001 1047 1042 cognoverit,

55 1052 90 1080 et
114 1045 161 1080 ita
188 1047 388 1087 imbiberit,
413 1053 453 1080 ut
475 1046 578 1090 plane
602 1048 640 1080 in
663 1059 760 1081 snam
782 1056 944 1083 naturam
967 1063 1047 1084 ver-

56 1097 147 1132 terit.
200 1097 321 1142 Neque
343 1097 436 1130 enim
459 1097 533 1130 fieri
550 1104 684 1141 potest,
712 1105 750 1132 ut
767 1100 814 1133 ait
832 1099 1046 1145 Xenophon,

55 1147 161 1181 simul
190 1155 223 1182 et
246 1149 356 1180 multa
381 1147 554 1192 quispiam
577 1147 701 1188 faciat,
737 1151 928 1195 eademque
954 1159 1046 1186 recte

54 1198 158 1233 faciat
182 1199 316 1233 omnia:
345 1209 419 1231 non
442 1198 535 1231 enim
559 1205 672 1242 potest
695 1211 730 1232 se
747 1212 845 1233 mens
861 1202 1045 1236 intendere

56 1249 96 1282 in
111 1249 260 1284 diversa.
313 1248 432 1291 Quare
451 1261 530 1282 cum
549 1249 666 1294 aliqua
687 1251 730 1283 de
750 1263 786 1284 re
805 1259 861 1285 aut
881 1253 1043 1285 indican-

55 1300 140 1334 dum
166 1307 234 1340 est,
260 1307 321 1333 aut
344 1299 553 1341 dicendum,
579 1307 653 1333 tum
679 1302 820 1334 demum
838 1304 963 1336 sudant
981 1304 1044 1345 illi,

56 1362 95 1384 ac
109 1351 266 1384 sentiunt
281 1350 319 1383 in
334 1356 430 1383 tanta
448 1350 546 1394 copia
564 1362 669 1395 quam
689 1352 760 1385 sint
778 1353 911 1396 inopes.
951 1354 1042 1396 Quia

53 1401 148 1434 enim
174 1401 308 1434 nullam
333 1407 460 1433 certam
486 1401 738 1445 supellectilem
764 1400 915 1444 habeut,
949 1407 1043 1437 nude

54 1452 265 1497 depromant
296 1463 384 1496 quae
416 1462 499 1484 usus
525 1451 654 1495 poscit,
688 1452 758 1486 itur
782 1455 822 1486 ad
853 1453 1042 1488 bibliothe-

53 1514 149 1544 cam,
182 1508 403 1548 quaeruntur
432 1501 584 1542 indices,
618 1510 826 1536 mutuantur
852 1517 870 1537 a
895 1505 1043 1546 singulis

47 1553 236 1589 autoribus
252 1551 480 1586 sententiolas
496 1552 648 1598 aliquot,
675 1566 760 1598 quas
777 1567 855 1587 cnm
874 1555 911 1588 in
929 1557 1041 1589 lucem
1066 1571 1068 1575 ·

52 1605 258 1650 proferunt,
293 1603 376 1648 quia
405 1603 604 1648 plerunque
624 1604 713 1637 male
736 1603 925 1640 cohaerent
949 1608 1041 1640 furta

51 1655 132 1697 illa,
165 1667 228 1689 nec
248 1654 340 1688 inter
361 1665 397 1687 se
420 1654 664 1696 consentiunt,
692 1655 851 1689 invenias
874 1657 1041 1703 pleraque

52 1706 114 1740 illa
143 1703 237 1741 nihil
265 1705 378 1738 facere
403 1702 494 1751 πρὸς
519 1704 614 1744 ἔπος.
673 1705 796 1751 Neque
819 1719 903 1741 vero
927 1709 1041 1752 legere

51 1769 88 1792 se
111 1763 211 1802 putet
231 1762 391 1790 autorem
415 1756 462 1796 is,
488 1756 550 1801 qui
570 1756 685 1790 obiter
700 1763 836 1792 tantum
853 1759 1041 1804 inspexerit

50 1820 90 1842 ac
104 1807 320 1842 salutaverit.

51 1871 192 1894 sensum
224 1855 442 1902 deprehendi
471 1869 544 1890 non
575 1870 697 1903 posse,
732 1859 936 1905 priusquam
962 1873 1039 1894 cum

51 1922 92 1944 eo
116 1910 246 1943 multos
263 1909 345 1943 salis
361 1908 498 1941 modios
515 1909 627 1942 ederis
640 1936 649 1949 ‚
676 1910 722 1943 ita
742 1910 803 1943 diu
820 1912 1041 1956 inultumque

50 1958 235 1995 habendus
258 1967 307 1993 est
323 1959 361 1993 in
379 1959 543 1992 manibus
560 1966 682 2000 autor,
709 1960 836 1993 iterum
856 1969 958 2007 atque
976 1963 1040 1996 ite—

51 2023 130 2046 rum
148 2011 384 2049 evolvendus,
411 2011 496 2043 dum
515 2011 573 2043 fiat
592 2011 674 2044 satis
691 2011 909 2046 familiariter
925 2020 1041 2053 notuS,

50 2063 137 2097 dum
167 2062 264 2095 illius
292 2061 504 2100 sententiae,
537 2061 633 2094 illius
660 2063 766 2095 verba
792 2063 840 2096 sic
864 2064 1039 2097 insideant

50 2113 137 2154 tibi,
161 2120 200 2147 ut
222 2125 300 2146 cum
326 2123 415 2157 opus
434 2118 500 2153 est,
527 2124 600 2145 non
619 2113 741 2157 procul
759 2116 963 2148 accersenda
980 2122 1041 2148 ant

51 2165 251 2209 quaerenda
275 2164 362 2205 sint,
385 2164 445 2197 sed
467 2163 561 2196 ultro
583 2175 619 2196 se
644 2164 708 2197 tibi
731 2164 893 2199 offerant.
945 2164 1041 2199 Con-

50 2222 125 2255 tra,
151 2215 448 2259 quemadmodum
473 2214 682 2247 immodicus
706 2215 822 2256 cibus,
851 2216 931 2261 quia
957 2229 1042 2250 con—

53 2265 158 2310 coqui
189 2277 261 2298 non
287 2271 419 2308 potest,
454 2264 492 2297 in
516 2266 643 2298 crudos
666 2263 832 2299 humores
855 2268 1042 2311 degenerat

53 2315 114 2362 qui
136 2327 210 2349 non
233 2315 339 2349 modo
363 2326 437 2348 non
460 2315 559 2349 alunt
583 2328 728 2360 corpus,
761 2318 818 2350 sed
846 2318 1040 2351 naturalem

52 2367 158 2401 etiam
181 2378 323 2400 succum
348 2366 588 2409 strangulant,
615 2367 660 2400 ita
685 2379 763 2401 curn
788 2368 897 2401 multa
917 2369 1042 2412 legeris

52 2417 208 2452 fortassis
225 2417 303 2459 fiet,
327 2423 367 2450 ut
383 2416 630 2450 confusaneam
649 2419 826 2462 quandam
846 2420 1040 2453 doctrinam

53 2468 120 2503 tibi
145 2479 342 2513 compares»,
369 2468 428 2500 sed
457 2467 516 2499 illa
537 2468 645 2510 magis
662 2466 843 2503 hebetabit
860 2482 897 2503 ac
916 2471 1043 2504 obruet

55 2519 236 2563 ingenium
253 2531 358 2565 quam
377 2518 560 2563 perpoliet.
613 2517 711 2552 Nihil
729 2521 822 2552 enim
840 2521 942 2561 certi,
969 2533 1041 2554 non

57 2581 132 2611 res,
158 2582 230 2604 non
256 2571 380 2610 verba,
404 2569 441 2602 in
465 2575 561 2602 tanta
586 2570 753 2604 varietate
776 2571 936 2605 lectionis
958 2572 1042 2605 reli-

56 2632 166 2666 quum
180 2620 243 2654 tibi
259 2621 371 2656 facies.
408 2618 522 2653 Verba
538 2620 773 2666 undequaque
790 2622 1043 2655 emendicanda

57 2677 178 2711 erunt,
209 2671 346 2715 quoties
375 2670 491 2704 dicere
524 2671 736 2714 institueris,
770 2685 922 2717 quorum
953 2673 1043 2707 mira

108 2723 285 2756 Mnus-ru.
306 2723 407 2754 Oen.
436 2724 519 2754 Vol..
537 2723 602 2757 XI.

614 96 771 134 DECL.
807 97 880 134 DE
916 97 1119 135 PRAEF.
1151 95 1210 131 IN
1243 95 1567 135 HESIODUM.

374 1806 462 1840 Nam
477 1808 775 1851 quemadmodum
794 1809 914 1851 aiunt,
937 1811 1039 1843 amici
1066 1838 1067 1841 ,

2030 107 2105 146 242

1114 182 1366 217 dissimilitudo
1397 185 1483 225 erit,
1515 198 1629 231 neque
1661 187 1769 231 magis
1797 189 1887 223 inter
1909 203 1944 224 se
1971 193 2101 230 similes

1112 234 1305 267 sententiae
1337 243 1438 267 erunt
1472 247 1510 268 ex
1547 237 1652 270 variis
1686 239 1770 271 locis
1803 247 1965 275 autorum
2000 246 2099 280 nullo

1112 285 1242 317 iudicio
1260 293 1319 319 aut
1335 285 1468 319 delectu
1487 283 1743 331 transscriptae.
1796 289 1958 337 Denique
1976 294 2012 327 in
2028 302 2099 330 tota

1109 335 1268 368 oratione
1294 337 1391 369 velut
1414 337 1505 379 aegri
1530 339 1674 371 somniis
1700 353 1808 374 vanae
1827 343 2002 386 fingentur
2020 358 2099 390 spe-

1109 385 1194 426 cies,
1221 387 1282 419 nbi
1307 399 1378 419 non
1403 399 1461 430 pes
1480 398 1551 420 non
1572 397 1671 432 caput
1691 392 1752 423 uni
1771 400 1830 426 est.
1883 393 1972 427 Cum
1991 396 2099 440 igitur

1109 433 1192 469 haec
1224 437 1446 470 incommoda
1476 449 1591 470 seeum
1624 440 1744 474 alli-rat
1776 443 1833 476 illa
1867 447 2096 482 tumultuaria

1108 487 1228 526 lectio,
1253 489 1335 532 qnid
1359 489 1500 521 tandem
1525 489 1573 521 rei
1590 496 1658 529 est,
1687 503 1749 523 cnr
1766 506 1836 526 non
1854 495 2096 538 ingrediamur

1106 538 1286 571 meliorem
1306 540 1458 584 aliquam
1480 539 1617 581 legendi
1638 541 1808 574 rationein
1822 545 1837 576 P
1864 558 1925 579 cnr
1942 560 2012 581 non
2029 551 2094 583 do-

1105 589 1337 622 ctissimorum
1365 589 1548 623 hominum
1578 593 1771 635 praeceptis
1792 596 2095 639 obtemperemus?

1105 638 1225 684 Neque
1242 641 1333 673 enim
1354 641 1470 684 ignota
1491 648 1538 674 est
1558 643 1656 674 vobis
1676 645 1844 678 sententia
1863 646 1971 680 Plinii
1993 662 2092 692 prac-

1103 690 1281 734 cipientis,
1308 699 1344 725 ut
1372 692 1424 725 sui
1449 692 1618 737 cuiusque
1635 694 1771 736 generis
1788 703 1927 731 autores
1944 700 2094 744 diligen-

1102 747 1154 774 ter
1171 741 1363 786 eligantur3
1392 742 1542 775 multum
1561 743 1654 776 enim
1674 751 1713 778 ut
1731 745 1797 787 ait,
1822 747 2008 791 legendum
2029 761 2091 795 est,

1101 804 1175 825 non
1200 793 1329 833 multa,
1357 795 1453 839 quod
1476 794 1524 826 sic
1548 794 1792 838 accipiendum
1814 809 1886 832 esse
1903 812 2006 834 nemo
2025 804 2092 837 du—

1102 843 1207 884 bitat,
1243 856 1345 889 saepe
1378 845 1600 889 multumque
1635 847 1755 879 eadem
1789 860 1861 882 esse
1894 851 2092 895 relegenda,

1101 906 1165 927 nec
1197 906 1268 928 esse
1303 893 1572 928 distrahendum
1606 897 1763 930 animum
1795 901 1963 935 varietate
1990 912 2091 939 auto-

1100 956 1189 980 rum.
1245 945 1342 978 Idem
1368 953 1488 980 monet
1507 945 1661 988 Seneca,
1689 950 1791 982 certis
1817 952 1909 984 enim
1929 953 2091 997 ingeniis,

1100 995 1234 1040 inquit,
1264 996 1445 1030 immorari
1475 1009 1514 1030 ac
1545 997 1714 1031 innutriri
1747 1008 1906 1044 oportet,
1940 1005 1969 1036 si
2004 1007 2091 1040 velis

1099 1047 1232 1092 aliquid
1263 1046 1423 1089 trahere,
1456 1049 1551 1092 qnod
1585 1048 1622 1081 in
1647 1050 1765 1084 animo
1789 1052 1938 1086 fideliter
1961 1057 2092 1091 sedeat.

1098 1096 1180 1130 Non
1205 1096 1417 1141 Delphicum
1443 1099 1555 1132 ullum
1583 1100 1766 1134 oraculum
1793 1103 1910 1137 verius
1935 1117 2007 1138 esse
2033 1119 2092 1141 ex-

1100 1148 1303 1190 periemini,
1332 1149 1362 1182 si
1389 1157 1502 1183 vestra
1527 1150 1641 1183 studia
1669 1152 1710 1184 ad
1739 1153 1891 1187 calculos
1916 1157 2088 1192 vocabitis

1099 1205 1133 1232 et
1162 1199 1479 1240 ratiocinabimini‚
1518 1208 1689 1244 quantum
1717 1202 1805 1236 lucri
1835 1206 1993 1241 attulerit
2023 1209 2089 1242 ali-

1098 1251 1240 1292 quando
1265 1262 1358 1282 unns
1380 1258 1482 1284 autor
1503 1257 1556 1283 ter
1579 1258 1637 1284 ant
1660 1259 1784 1295 quater
1802 1256 1969 1296 relectus,
1996 1266 2028 1293 et
2044 1262 2087 1293 ad

1099 1300 1132 1331 id
1152 1301 1338 1333 conferetis
1357 1313 1405 1340 ea,
1432 1314 1520 1346 qnae
1536 1313 1575 1334 ex
1595 1303 1714 1335 multis
1730 1304 1808 1337 aliis
1825 1305 1955 1341 libellis
1973 1310 2088 1344 obiter

1098 1350 1262 1394 inspectis
1286 1351 1321 1382 in
1348 1351 1468 1383 animo
1494 1349 1692 1387 haeserunt.
1762 1354 1967 1399 Intelligetis
1992 1361 2087 1394 enim

1097 1401 1210 1434 multo
1244 1401 1424 1434 uberiores
1455 1402 1589 1435 fructus
1620 1415 1680 1435 vos
1712 1416 1752 1437 ex
1783 1417 1855 1439 uno
1887 1408 1948 1441 illo
1978 1410 2085 1453 libro,

1097 1463 1200 1495 quarn
1226 1463 1265 1484 ex
1285 1452 1420 1496 reliqna
1439 1459 1508 1485 tota
1527 1451 1738 1487 bibliotheca
1759 1459 1962 1501 percepisse.
2015 1460 2085 1495 Ac-

1095 1502 1186 1535 cedit
1211 1499 1298 1540 hnc,
1327 1503 1421 1546 quod
1445 1503 1532 1535 sicut
1556 1503 1642 1536 alias
1665 1513 1754 1538 artes
1779 1507 1929 1542 imitatio
1954 1512 2085 1554 docuit,

1096 1551 1142 1585 ita
1166 1552 1204 1584 in
1229 1550 1284 1585 his
1306 1553 1436 1586 nostris
1461 1553 1604 1593 studiis,
1632 1554 1699 1587 nisi
1726 1557 1765 1588 ad
1787 1557 1930 1603 aliquod
1950 1570 2083 1596 certum

1094 1603 1272 1646 exemplar
1311 1603 1504 1646 dirigamus
1538 1604 1715 1647 animum,
1766 1606 1857 1641 nibil
1897 1611 2085 1648 efficiemus

1095 1654 1242 1697 dignum
1271 1654 1386 1688 laude.
1440 1654 1580 1688 Videtis
1609 1656 1702 1689 enim
1733 1669 1791 1690 eos
1822 1660 1885 1703 qni
1916 1663 2086 1707 sculpere,

1094 1706 1155 1750 qui
1178 1705 1337 1748 pingere,
1365 1705 1427 1750 qui
1451 1717 1574 1738 canere
1597 1706 1754 1748 discunt,
1782 1709 1908 1751 eligere
1931 1712 2084 1758 aliquem

1095 1755 1318 1799 magistrum,
1356 1756 1454 1789 cuius
1485 1767 1557 1789 esse
1587 1769 1692 1801 quam
1722 1759 1881 1793 similimi
1911 1765 2085 1800 studeant.

1094 1805 1216 1851 Neque
1244 1819 1325 1839 vero
1355 1807 1499 1850 exigunt
1527 1804 1616 1839 hanc
1649 1809 1867 1851 diligentiam
1899 1812 2084 1850 inferiores

1094 1865 1202 1898 artes,
1229 1864 1262 1891 et
1287 1869 1359 1890 non
1383 1857 1545 1899 flagitant
1560 1860 1705 1892 eandem
1724 1857 1788 1893 hae
1807 1863 1976 1897 maximae
1993 1867 2082 1901 vitae

1094 1915 1127 1942 et
1158 1909 1391 1951 regendarum
1413 1906 1634 1951 Rerumpnb.
1665 1917 1772 1950 artes,
1808 1913 1843 1944 in
1868 1914 1997 1958 quibus
2022 1930 2084 1951 vos

1094 1959 1294 1993 versamini.
1348 1958 1428 1992 Non
1446 1960 1538 1991 enirn
1555 1959 1637 1992 satis
1654 1960 1848 2004 intelligitis
1864 1965 1948 2008 quid
1966 1969 2083 2001 oneris

1094 2010 1312 2050 sustineatis,
1338 2010 1454 2042 sinon
1472 2010 1629 2053 cogitatis
1647 2007 1708 2043 has
1727 2012 1843 2046 literas
1858 2016 1899 2047 ad
1917 2028 2003 2060 quas
2019 2021 2081 2052 ad-

1093 2059 1199 2094 hibiti
1229 2061 1328 2099 estis,
1361 2061 1612 2103 comparandas
1645 2073 1716 2094 csse
1739 2069 1813 2095 tum
1839 2066 1882 2097 ad
1909 2067 2081 2109 privatam

1094 2112 1200 2145 vitam
1224 2118 1315 2145 recte
1333 2111 1604 2152 instituendam,
1631 2118 1705 2144 tum
1725 2114 1766 2145 ad
1786 2114 1940 2150 civitates
1957 2129 2080 2161 regen-

1095 2163 1173 2202 das,
1200 2163 1240 2194 ad
1262 2162 1391 2195 iudicia
1409 2163 1576 2201 tenenda,
1602 2163 1643 2195 ad
1663 2163 1850 2206 religiones
1868 2178 2082 2203 conservan-

1094 2214 1175 2253 das,
1202 2213 1354 2257 deniqne
1376 2214 1418 2244 ad
1444 2224 1564 2244 omnes
1584 2213 1673 2245 vitae
1691 2221 1804 2257 partes
1823 2217 2080 2258 gubernandas.

1096 2264 1214 2306 Quare
1243 2263 1270 2295 si
1297 2263 1386 2296 aliae
1412 2263 1622 2303 mediocres,
1661 2271 1694 2297 et
1718 2271 1884 2310 tanquam
1910 2272 2083 2305 secundae

1094 2315 1213 2348 classis
1240 2322 1330 2347 artes
1362 2313 1491 2357 percipi
1523 2325 1593 2345 non
1623 2322 1786 2357 possunt,
1822 2317 1891 2350 nisi
1920 2320 1962 2352 ad
1988 2329 2081 2355 certa

1095 2365 1304 2408 exemplaria
1338 2375 1461 2396 manus
1490 2364 1680 2406 dirigatur,
1712 2374 1843 2411 quanto
1874 2369 1993 2403 minus
2020 2369 2082 2406 has

1095 2416 1310 2450 difficiliores
1327 2426 1600 2459 consequemur,
1628 2416 1695 2448 nisi
1712 2420 1999 2461 proposuerimus
2016 2435 2081 2455 no-

1095 2468 1148 2501 bis
1172 2467 1323 2511 aliquem
1348 2467 1390 2498 ad
1416 2465 1643 2506 imitandum,
1670 2479 1774 2511 quem
1801 2475 1872 2502 tota
1896 2479 2011 2505 mente
2030 2481 2081 2506 at-

1095 2531 1162 2564 que
1188 2524 1259 2550 toto
1283 2516 1402 2549 animo
1427 2516 1644 2554 intueamur,
1673 2517 1734 2562 qui
1751 2526 1844 2562 regat
1861 2522 1979 2555 omnia
1997 2536 2081 2556 con-

1095 2570 1171 2602 silia
1198 2574 1337 2607 nostra,
1371 2566 1425 2600 vel
1450 2567 1486 2599 in
1510 2567 1678 2606 dicendo,
1713 2570 1766 2601 vel
1790 2570 1892 2603 etiam
1918 2572 1954 2605 in
1977 2574 2080 2607 rebus

1092 2618 1269 2664 gerendis.
1338 2616 1466 2651 Nonne
1499 2618 1725 2660 gravissimus
1756 2619 1863 2654 Po'e'ta
1897 2621 2081 2665 Vergilius,

1096 2683 1174 2705 cum
1207 2669 1401 2713 significare
1432 2668 1554 2710 vellet,
1593 2681 1682 2714 quae
1713 2678 1800 2704 esset
1832 2672 1962 2716 optima
1994 2675 2082 2707 ratio

1401 2719 1446 2752 16
