2338 2958
46 111 122 151 257

43 208 202 244 operam,
217 201 257 229 ut
273 193 478 237 intelligatis
493 205 549 226 me
564 193 678 227 officio
692 205 769 226 meo
785 204 859 225 non
874 190 1037 225 defuisse.

45 248 150 284 Scitis
167 246 241 280 Deo
258 251 355 289 grata
373 256 445 277 esse
463 242 496 277 h
498 256 546 278 nec
563 244 695 285 officia,
721 255 809 289 quae
829 243 866 276 in
881 240 1036 286 hospites

45 298 289 334 conferuntur.
331 294 421 328 Nam
441 307 521 329 cum
538 295 575 328 in
591 296 728 328 mundo
745 294 908 328 universa
927 291 1037 336 ipsius

44 348 200 384 Ecclesia
242 347 357 380 exulet
368 371 378 384 ,
419 346 592 390 postulat,
632 353 671 380 ut
705 355 909 378 communes
940 342 1035 376 exilii

43 410 229 434 aerumnas
254 397 387 431 mutuis
403 397 545 437 officiis,
575 403 695 430 mutua
719 394 965 429 benevolentia
985 393 1036 426 le-

43 461 166 484 vemus
183 461 222 482 ac
239 448 447 491 mitigemus
502 445 624 481 Orabo
643 448 760 492 itaque
777 444 970 483 Christum,
996 450 1035 477 ut

43 512 106 535 vos
121 511 260 546 quoque
279 499 443 533 defendat
458 511 497 532 ac
519 500 690 543 gubernet
706 499 742 530 in
762 495 817 530 his
835 495 1034 530 communi-

44 552 110 586 bus
125 550 307 596 periculis.
358 549 452 583 Dixi.

55 731 121 766 No.
139 731 201 765 54.
842 727 904 766 (an.
924 729 1033 767 1534.)

854 773 1026 787 Μ

272 826 434 885 Praef
466 828 515 868 in
546 823 704 883 officia
735 826 826 869 Cic.

111 919 134 944 Α
157 917 190 943 ud
207 918 278 944 Crat.
293 916 362 951 Μ)Ι.
381 915 473 949 p.716
486 924 562 948 sqq..
583 915 610 940 in
625 914 776 940 Declamat.
797 915 832 940 Τ.
847 913 881 940 ll.
899 922 924 948 p.
937 913 992 939 167.
1009 917 1034 939 et

137 927 213 986 ξριιά
234 946 362 977 Richard.
387 950 418 976 T.
439 950 472 976 ll.
493 958 519 982 p.
535 950 595 976 257.
640 949 782 975 Enarravit
800 949 961 974 Melantbon
982 948 1034 974 hoc

145 996 217 1012 anno
230 986 331 1011 librum
346 985 405 1011 Cic.
419 985 450 1009 de
465 984 575 1010 officiis.

223 1059 426 1107 Praefatio
443 1063 482 1095 in
501 1058 632 1107 officia
649 1060 849 1094 Ciceronis.

40 1129 231 1170 Videntur
247 1133 337 1169 mihi
355 1134 526 1178 singulari
544 1133 692 1167 consilio
706 1132 834 1167 Graeci
853 1133 889 1165 in
907 1132 1034 1165 defini-

42 1188 139 1222 tione
155 1187 239 1221 artis
257 1183 324 1220 hoc
341 1186 509 1230 posuisse,
537 1186 633 1230 quod
650 1185 804 1229 aliquam
822 1184 858 1216 in
877 1184 946 1217 vita
962 1184 1034 1217 uti-

42 1238 177 1272 litatem
201 1236 328 1271 habere
353 1237 489 1272 debeat.
540 1236 628 1269 Nam
652 1247 774 1268 omues
794 1242 884 1268 artes
901 1235 1034 1268 instru-

43 1295 161 1323 menta
190 1296 272 1322 sunt
293 1288 349 1320 vel
375 1287 531 1332 privatae
553 1286 645 1320 vitae
671 1286 949 1326 conservandae,
978 1286 1034 1318 vel

42 1339 214 1383 regendae
230 1338 386 1382 Reipub.
437 1336 510 1370 'Nec
526 1349 614 1381 opus
630 1344 681 1370 est
699 1335 756 1370 hic
775 1348 938 1369 enarrare
961 1336 1032 1369 sin-

44 1390 161 1434 gulas,
194 1396 229 1422 et
259 1389 443 1421 ostendere
475 1395 620 1430 propter
645 1399 732 1430 quos
759 1398 843 1420 usus
870 1387 1034 1419 inventae

43 1440 126 1480 sint,
148 1445 181 1472 et
197 1451 215 1472 a
232 1437 427 1471 maioribus
441 1438 483 1469 ad
504 1443 660 1480 posteros
681 1447 803 1478 magna
818 1448 900 1469 cura
921 1444 1036 1468 trans-

43 1490 179 1524 missae.
232 1488 326 1522 Illud
357 1488 466 1531 magis
495 1494 545 1520 est
568 1487 803 1520 necessarium
832 1487 1035 1524 admonere,

43 1548 84 1575 ut
99 1538 137 1574 hi
155 1539 215 1585 qui
232 1536 318 1572 haec
337 1539 452 1572 studia
469 1538 652 1571 literarum
671 1537 937 1580 ingrediuntur,
964 1537 1035 1569 ini-

44 1591 94 1626 tio
113 1590 354 1630 considerent,
382 1589 461 1633 quis
476 1588 518 1621 sit
536 1585 661 1621 harum
679 1588 807 1620 artium
827 1587 919 1627 finis,
947 1598 1035 1632 quae

45 1642 89 1677 sit
106 1654 145 1675 ex
162 1641 246 1685 ipsis
263 1641 412 1685 petenda
429 1639 582 1680 utilitas,
611 1639 705 1683 quod
726 1638 786 1683 qui
810 1638 894 1672 sciet
912 1646 946 1671 et
962 1638 1033 1670 vim

45 1700 79 1727 et
92 1691 300 1736 dignitatem
319 1691 447 1724 artium
464 1690 592 1723 rectius
617 1696 800 1732 cognoscet
825 1696 857 1723 et
879 1690 1033 1733 pruden-

46 1743 115 1778 tius
142 1743 245 1786 eliget
270 1754 309 1775 ea
336 1753 426 1787 quae
450 1740 601 1774 maxime
623 1741 765 1784 prodest
782 1739 924 1773 discere.
978 1738 1034 1772 Ad

44 1791 131 1828 haec
147 1805 329 1839 nunquam
350 1793 537 1837 perfectam
555 1791 694 1824 doctrin
699 1803 753 1823 am
771 1797 1035 1836 consequuntur

47 1844 122 1886 isti,
149 1856 301 1890 quorum
324 1843 463 1876 animus
489 1854 562 1875 non
586 1841 754 1886 prospicit
779 1849 910 1875 certum
930 1841 1034 1874 finem

47 1896 265 1936 studiorum,
294 1901 328 1928 et
342 1900 516 1937 vagantur
542 1899 670 1926 temere
694 1905 732 1925 ac
751 1893 826 1925 sine
849 1892 974 1925 ordine
997 1904 1035 1925 ac

47 1947 183 1980 ratione
200 1958 262 1990 per
278 1945 391 1978 varias
405 1944 610 1986 disciplinas
632 1941 739 1987 τέχνη
765 1942 838 1976 ἐστι
865 1940 1035 1987 σύστημα

47 1992 335 2046 ἐγκαταλήψεων
362 1991 724 2055 iyyeyvlfffmaoueiwv
753 1989 844 2037 πρός
871 2005 905 2026 τι
937 1991 1037 2031 ‘celos

48 2047 251 2094 εὔχρηστον
267 2048 344 2081 τῶν
361 2045 399 2080 ἐι
401 2059 414 2079 ι
430 2047 483 2078 τῶ
501 2042 575 2090 βίω
593 2045 698 2077 finem
717 2055 776 2076 seu
791 2044 1006 2077 utilitatem'
997 2056 1033 2077 m

49 2099 215 2132 omnibus
230 2096 392 2131 artibus
384 2109 420 2129 in
439 2095 562 2140 primis
579 2095 803 2139 spectandam
822 2106 892 2127 esse
912 2096 1036 2139 probat

49 2162 88 2183 ex
123 2149 232 2194 ipsius
267 2148 352 2182 artis
378 2147 604 2187 definitione,
642 2158 731 2191 quae
759 2152 793 2179 et
820 2144 1037 2188 Quintiliani

50 2211 152 2233 causa
173 2199 259 2240 fuit,
285 2211 348 2232 cur
363 2196 571 2233 Rlietorices
593 2197 699 2230 finem
725 2203 793 2230 tam
812 2208 935 2240 magna
954 2208 1036 2230 cura

50 2250 143 2284 libro
162 2250 315 2283 secundo
333 2249 443 2293 capite
461 2248 597 2282 decimo
613 2255 735 2281 octavo
752 2247 975 2292 quaesiverit.

136 2315 267 2351 Omnis
281 2323 396 2350 autem
413 2316 573 2350 doctrina
590 2322 649 2349 aut
665 2327 783 2348 rerum
801 2315 1037 2359 cognitionem

52 2369 220 2411 continet,
247 2374 307 2401 aut
323 2368 511 2400 verborum
527 2374 560 2400 et
577 2366 659 2412 quia
679 2379 796 2400 rerum
814 2374 916 2400 notae
934 2368 1037 2400 verba

52 2428 154 2461 sunt,
179 2420 277 2464 prior
292 2425 343 2452 est
360 2418 548 2451 verborum
566 2417 736 2460 cognitio,
763 2418 804 2449 ad
825 2429 928 2462 quam
945 2430 1038 2450 com-

54 2472 245 2516 parandam
270 2469 406 2503 tametsi
432 2467 645 2501 necessariae
667 2475 751 2502 sunt
776 2475 883 2509 artes,
911 2467 1040 2502 Gram-

54 2522 199 2563 mattea,
219 2520 430 2560 Dialectica,
456 2516 666 2560 Rhetorica,
694 2526 809 2552 tamen
833 2519 908 2552 siue
926 2531 1039 2553 exem-

56 2572 124 2617 plis
139 2579 228 2606 artes
245 2572 339 2616 ipsae
355 2577 438 2604 sunt
454 2569 660 2604 inefficaces.
701 2569 784 2602 ldeo
803 2570 887 2603 boni
903 2577 1040 2604 autores

55 2623 195 2667 legendi
212 2630 312 2662 sunt,
339 2634 379 2655 ex
393 2622 522 2667 quibus
540 2621 679 2663 linguae
695 2618 839 2664 phrasin
857 2620 1042 2663 discamus,

55 2684 98 2708 ex
111 2685 262 2718 quorum
279 2673 474 2707 imitatione
492 2683 735 2715 comparemus
752 2672 855 2705 nobis
871 2671 1043 2707 eiusmodi

113 2723 296 2757 ὒῙειΑκτιι.
325 2726 429 2757 Orza.
455 2725 538 2756 Vnt..
567 2724 627 2755 XI.

547 106 708 143 DECL.
760 104 834 141 DE
867 102 1074 140 PRAEF.
1109 102 1164 136 IN
1199 100 1440 138 OFFICIA
1473 102 1578 140 CIC.

1059 760 1061 766 ¹
1088 759 1180 782 nem·

2014 106 2089 144 258

1090 199 1200 232 genus
1231 187 1401 221 orationis
1433 190 1528 234 quod
1560 186 1721 223 adhiberi
1750 190 1861 234 possit
1893 192 1936 224 ad
1964 203 2085 235 graves

1090 250 1209 272 causas
1233 238 1474 283 explicandas,
1502 242 1667 286 quodque
1685 241 1806 274 lumen
1824 242 1961 276 adferre
1980 244 2084 277 rebus

1089 289 1249 323 obscuris
1267 289 1393 333 possit,
1420 290 1449 322 si
1467 293 1609 335 quando
1632 289 1793 325 homines
1810 293 1853 325 de
1875 294 2012 336 magnis
2028 306 2084 327 re-

1090 341 1172 380 bus,
1199 346 1238 373 ut
1262 352 1362 384 saepe
1379 341 1525 381 accidit,
1552 344 1702 375 docendi
1720 349 1836 377 erunt.
1889 342 2001 377 Nemo
2019 356 2083 378 au-

1089 398 1158 424 tem
1177 391 1313 435 ignorat
1331 391 1502 435 optimum
1523 392 1663 425 dicendi
1679 394 1883 436 magistrum
1901 406 1972 428 esse
1982 393 2083 428 Cice-

1089 453 1225 475 ronem.
1276 441 1409 475 Verum
1436 439 1492 475 hic
1516 442 1657 476 libellus
1682 441 1784 477 babet
1804 445 1999 488 singulares
2018 447 2083 479 do-

1089 499 1156 533 tes,
1190 492 1321 526 multos
1344 492 1500 526 continet
1522 493 1616 527 locos
1642 506 1864 536 communes,
1900 496 1936 528 in
1963 496 2005 529 iis
2030 504 2081 531 est

1088 555 1214 587 magna
1240 543 1431 586 figurarum
1449 544 1618 585 varietas,
1644 544 1682 577 in
1706 545 1748 578 iis
1767 553 1883 579 autem
1906 548 2081 581 narratio-

1088 606 1166 635 nes,
1193 606 1282 639 quae
1300 595 1400 627 valde
1419 596 1623 629 conducunt
1639 596 1682 628 ad
1701 596 1948 641 eloquentiam.
2002 596 2081 631 An-

1089 645 1206 678 tonius
1233 646 1325 689 apud
1343 644 1549 679 Ciceronem
1574 647 1622 679 ait
1644 646 1780 679 nullam
1808 654 1942 690 partem
1964 648 2001 680 in
2023 649 2080 682 di—

1088 697 1199 729 cendo
1222 696 1401 730 difficilius
1426 696 1516 729 effici
1539 709 1642 742 quam
1668 697 1886 741 perspicuam
1905 700 2080 732 narratio-

1234 746 1353 789 Quare
1373 758 1583 792 magnopere
1603 749 1744 792 prodest
1763 748 1899 791 egregia
1922 751 2078 793 exempla

1089 798 1333 831 narrationum
1357 805 1494 837 tenere,
1522 811 1610 844 quae
1630 799 1734 832 nobis
1759 811 1998 843 proponamus
2021 801 2078 833 in-

1088 850 1229 887 tuenda,
1257 855 1295 882 ut
1311 848 1347 881 in
1367 849 1517 882 dicendo
1534 850 1688 895 aliquam
1709 850 1980 883 similitudinem
1996 851 2077 884 illo-

1088 912 1166 933 rum
1181 911 1450 944 consequamur.

1190 950 1348 983 Primum
1366 961 1447 993 ergo
1462 950 1499 982 in
1521 947 1628 983 huius
1650 950 1768 994 operis
1784 951 1959 984 vestibulo
1974 958 2079 997 atque

1088 1001 1185 1034 aditu
1211 1000 1378 1043 cogitabit
1409 1001 1551 1034 auditor
1572 998 1663 1034 hanc
1695 1001 1883 1034 lectionem
1914 1002 2076 1046 profutu-

1089 1056 1161 1085 ra‘tn
1182 1063 1254 1084 esse
1273 1052 1315 1084 ad
1335 1052 1497 1084 alendam
1513 1052 1701 1084 verborum
1719 1053 1910 1085 scientiam.
1955 1051 2077 1098 Itaque

1088 1115 1166 1136 cum
1183 1103 1383 1135 universam
1401 1103 1572 1135 orationis
1588 1103 1712 1135 seriem
1730 1114 1767 1136 ac
1786 1101 1942 1147 phrasim
1957 1104 2078 1137 obser-

1089 1154 1202 1192 vabit,
1231 1160 1306 1186 tum
1327 1160 1486 1197 excerpe-t
1504 1160 1670 1198 tanquam
1688 1153 1792 1186 flores
1810 1154 1963 1198 insignes
1988 1155 2076 1198 figu-

1088 1216 1143 1237 ras
1166 1216 1204 1236 ac
1230 1204 1402 1237 iucundas
1425 1205 1644 1237 narrationes
1662 1211 1695 1237 et
1716 1206 1906 1239 sententias
1928 1205 2079 1238 maxime

1090 1255 1352 1295 memorabiles,
1386 1267 1467 1295 nam
1494 1255 1640 1288 omnino
1664 1256 1780 1288 danda
1805 1262 1854 1288 est
1881 1268 2006 1300 opera,
2040 1263 2079 1289 ut

1088 1306 1220 1350 aliquid
1246 1305 1328 1338 inde
1359 1307 1401 1338 ad
1428 1312 1589 1338 nostrum
1615 1317 1717 1338 usum
1744 1307 2012 1347 transferamus,
2041 1314 2081 1340 ut

1090 1364 1206 1389 nostra
1240 1355 1351 1388 oratio
1380 1356 1591 1400 locupletior
1619 1368 1659 1389 ex
1689 1353 1754 1389 hac
1776 1357 1851 1390 fiat:
1886 1369 1958 1389 non
1986 1357 2080 1389 enim

1091 1407 1206 1439 obiter
1227 1406 1446 1448 inspicienda
1471 1414 1552 1440 sunt
1575 1404 1660 1439 haec
1682 1419 1803 1450 opera,
1831 1407 1919 1441 sicut
1943 1407 2081 1441 tabulas

1091 1456 1266 1499 praeclare
1289 1455 1398 1498 pictas
1424 1462 1456 1488 et
1473 1459 1515 1488 ad
1539 1458 1766 1499 spectandum
1785 1458 1982 1502 propositas
2000 1465 2080 1493 tan-

1089 1513 1163 1539 tum
1183 1505 1374 1548 voluptatis
1395 1518 1496 1539 causa
1519 1507 1816 1550 contemplamur,
1844 1510 1979 1542 nullam
1998 1509 2081 1542 inde

1089 1563 1222 1600 partem
1248 1555 1432 1588 nobiscum
1460 1556 1671 1597 auferimus,
1703 1558 1761 1590 sed
1787 1558 1833 1591 ita
1865 1555 2081 1603 contemple-

1088 1618 1185 1646 mur,
1212 1613 1251 1640 ut
1274 1606 1540 1640 amoenissimos
1559 1604 1699 1648 hortos,
1727 1608 1764 1640 in
1782 1609 1909 1653 quibus
1933 1611 2081 1653 sparsim

1089 1657 1308 1701 decerpimus
1337 1657 1471 1691 fructus
1494 1665 1554 1691 aut
1579 1657 1685 1691 flores
1715 1659 1776 1703 qui
1806 1660 1955 1693 maxime
1982 1661 2080 1693 dele-

1090 1716 1194 1742 ctant.
1258 1708 1380 1741 Altera
1412 1710 1456 1741 de
1486 1721 1604 1742 rerum
1634 1709 1833 1752 cognitione
1870 1712 2079 1745 deliberatio

1091 1771 1162 1792 esse
1181 1759 1302 1797 debet,
1331 1771 1481 1803 quarum
1498 1771 1616 1792 rerum
1639 1760 1819 1793 scientiam
1839 1758 1923 1794 hinc
1943 1762 2079 1795 auferre

1091 1821 1283 1854 possumus.
1337 1809 1484 1843 Prodest
1502 1817 1617 1843 autem
1636 1812 1811 1855 quendam
1836 1812 1964 1845 artium
1982 1813 2080 1845 ordi-

1091 1873 1169 1894 uem
1197 1868 1315 1894 tenere
1339 1861 1458 1893 auimo
1484 1858 1777 1905 comprehensum
1803 1869 1836 1896 et
1861 1863 1947 1895 fines
1974 1870 2079 1908 atque

1090 1923 1172 1945 usus
1191 1911 1331 1944 illarum
1346 1912 1475 1946 videre.
1503 1912 1605 1944 Aliae
1621 1913 1664 1945 de
1680 1919 1804 1946 natura
1822 1925 1939 1947 rerum
1957 1914 2079 1957 dispu-

1091 1969 1184 2000 tant,
1217 1962 1305 1995 aliae
1331 1963 1514 1995 continent
1537 1963 1761 2005 religionem,
1795 1964 1884 1997 aliae
1906 1964 2079 1998 rationem

1091 2013 1260 2055 regendae
1278 2011 1430 2056 Reipub.
1448 2020 1480 2045 et
1502 2013 1682 2046 iudicandi
1701 2014 1856 2047 forenses
1874 2022 2079 2048 controver-

1091 2063 1174 2103 sias,
1202 2062 1289 2095 aliae
1315 2063 1498 2097 continent
1522 2072 1703 2107 praecepta
1720 2065 1763 2096 de
1786 2066 1943 2098 moribus
1967 2066 2080 2099 cix-ili-

1093 2116 1156 2146 bus
1173 2114 1209 2146 in
1226 2113 1328 2146 omni*
1343 2114 1433 2147 vitae
1453 2126 1577 2157 genere
1594 2115 1797 2150 necessaria.
1851 2115 1939 2150 Cum
1964 2117 2082 2162 itaque

1092 2165 1239 2207 legimns
1263 2164 1416 2209 aliquid,
1441 2165 1635 2209 expendere
1652 2166 1819 2199 debemus
1836 2167 1878 2199 ad
1900 2180 2003 2212 quem
2023 2179 2082 2201 or-

1092 2216 1210 2249 dinem
1227 2215 1354 2248 artium
1372 2215 1557 2259 pertineat:
1576 2214 1703 2249 Utrum
1720 2216 1756 2248 in
1773 2217 2082 2252 administratione

1094 2266 1247 2310 Reipub.
1273 2266 1494 2309 profuturum
1519 2266 1581 2305 sit,
1615 2278 1660 2299 an
1685 2267 1819 2310 privata
1844 2267 1914 2301 vita
1938 2275 1971 2302 et
1995 2266 2080 2303 baec

1093 2317 1300 2350 deliberatio
1318 2329 1390 2350 non
1407 2317 1511 2349 modo
1528 2316 1653 2350 excitat
1670 2318 1783 2350 studia
1804 2325 1836 2351 et
1852 2319 1945 2353 acuit
1961 2331 2081 2353 curam

1094 2367 1271 2408 discendi,
1299 2368 1357 2400 sed
1382 2367 1486 2400 etiam
1511 2368 1554 2399 ad
1580 2367 1671 2411 ipsas
1697 2374 1787 2401 artes
1804 2369 1931 2402 rectius
1949 2370 2081 2404 intelli-

1094 2419 1224 2462 gendas
1242 2430 1280 2451 ac
1303 2418 1546 2462 percipiendas
1570 2419 1761 2461 plurimum
1780 2420 1928 2454 confert.
1980 2420 2084 2454 Faci-

1095 2471 1163 2503 lius
1186 2469 1279 2501 enim
1305 2468 1549 2512 percipiuntur
1571 2468 1650 2513 illa,
1679 2481 1828 2514 quorum
1847 2472 1945 2516 quasi
1969 2472 2083 2515 regio-

1097 2532 1157 2554 nes
1185 2532 1289 2565 quam
1316 2520 1383 2552 late
1412 2526 1549 2563 pateant
1578 2527 1612 2554 et
1639 2528 1747 2554 metas
1775 2519 2083 2565 deprehendimus,

1096 2572 1253 2605 Pertinet
1277 2577 1392 2603 autem
1417 2567 1474 2604 hic
1498 2570 1639 2604 libellus
1658 2570 1840 2605 Ciceronis
1860 2573 1900 2604 ad
1923 2571 2083 2605 Philoso-

1098 2620 1217 2666 phiam
1235 2621 1423 2661 moralem,
1450 2621 1607 2655 continet
1622 2621 1715 2654 enim
1734 2622 1956 2656 definitiones
1971 2623 2083 2655 virtu-

1098 2681 1186 2714 tum,
1207 2679 1239 2705 et
1256 2679 1337 2706 sunt
1356 2673 1474 2706 addita
1492 2672 1759 2706 definitionibus
1777 2673 1886 2705 multa
1904 2679 2084 2717 praecepta

1505 2722 1550 2756 17
