2338 2958
127 125 173 161 21
535 121 698 160 DECL.
732 121 805 158 DE
839 119 1255 159 CORRIGENDIS
1289 121 1456 158 ADOL.
1492 123 1738 162 STUDIIS.

126 209 247 245 iudicii
259 234 269 248 ‚
296 209 357 254 qui
373 208 494 253 seligat
511 221 684 255 quaenam
699 217 732 244 et
749 217 923 256 quatenus
940 209 1105 243 discenda

126 263 210 295 sint.
246 259 352 294 Dolet
372 260 466 293 enim
482 261 576 294 sanis
594 272 666 294 esse
684 262 745 306 qui
760 267 1010 306 persuaserunt
1028 260 1106 301 sibi,

125 311 195 345 nisi
218 308 302 344 haec
326 311 468 354 nugalia
493 311 740 353 didicerimus,
767 324 842 345 non
863 312 939 344 fore
965 323 1004 344 ex
1029 323 1107 350 usu,

124 362 299 407 quidquid
330 362 529 395 studiorum
563 363 776 396 affectemus.
838 361 1023 395 Modestus
1051 362 1107 395 vir

123 412 282 446 Socrates
296 420 388 453 erat,
415 413 476 457 qui
504 425 582 446 cum
602 413 770 456 opinione
793 413 983 456 sapientiae
1001 413 1118 455 vulgo*

123 464 317 504 coleretur,
344 464 501 505 dicebat,
527 462 594 497 hoc
611 476 721 497 unum
739 475 774 496 se
793 464 899 503 scire,
925 465 1019 508 quod
1049 464 1106 495 ni-

121 511 176 547 hil
201 514 322 547 sciret:
351 515 404 547 illi
427 522 548 548 contra
570 512 636 547 hoc
659 526 771 547 unum
795 514 973 554 nesciunt,
1009 515 1103 559 quod

122 562 214 598 nihil
231 565 358 599 sciunt.
395 564 511 610 Atque
525 565 658 598 utinam
676 565 847 598 foeliciter
868 577 926 598 eos
943 565 1104 609 aliquan-

122 616 168 649 do
185 614 298 661 ἑρμῆς
314 613 333 649 ὁ
350 612 469 663 λόγιος
493 616 588 658 virga
614 626 674 648 sua
698 615 894 649 demulceat
918 622 957 649 ut
983 627 1106 659 exper-

121 667 266 710 gefiant‚
301 673 340 700 ut
363 666 521 710 desipere
544 677 580 699 se
604 673 806 708 agnoscant.
868 665 914 700 Ut
941 678 1105 709 evagarer

120 717 281 760 longius,
318 718 391 761 ipsa
419 729 474 749 me
495 716 545 749 rei
578 717 769 760 indignitas
795 717 958 760 perpulit.
1014 715 1103 749 Volo

121 768 216 801 enim
234 768 338 801 fidem
355 767 523 800 studiosis
538 768 662 800 factam
674 795 682 808 ‚
708 768 804 801 aliud
821 768 999 812 quoddam
1026 767 1104 801 lite-

120 830 241 852 rarum
259 824 368 862 g‘enus
386 818 511 851 utilius
528 829 616 859 esse,
644 830 747 863 quam
766 819 807 852 sit
827 820 919 863 quod
932 817 1103 862 Copulata

119 869 268 909 iactant,
295 875 398 914 atque
413 866 499 902 haec
517 869 554 901 iu
571 867 774 903 Rhetoricis
798 870 928 902 nostris
952 869 1103 912 longius,

121 918 220 962 Quin
238 920 418 953 videamus
432 946 442 961 ,
469 926 502 953 et
518 917 585 952 hoc
600 920 702 953 facile
716 932 759 952 ne
775 920 836 960 sit,
864 918 928 953 hac
954 920 1047 952 enim
1068 931 1102 952 se

119 970 428 1004 commendatione
451 970 665 1004 divendunt:
701 971 798 1015 quasi
828 982 911 1003 vero
947 970 1103 1013 angustis

119 1021 206 1054 adeo
225 1021 356 1055 finibus
381 1028 544 1054 contenta
560 1021 671 1055 virtus
696 1033 768 1054 esse
783 1021 927 1061 debeat,
954 1027 992 1053 ut
1008 1022 1100 1065 quod

119 1071 247 1116 cuique
269 1071 424 1115 proclive
441 1071 486 1105 sit
502 1071 663 1114 aggredi,
692 1072 861 1104 continuo
878 1071 971 1104 idem
990 1069 1103 1105 hone-

119 1128 211 1155 stum
235 1122 291 1156 sit.
354 1121 536 1164 Quantum
571 1122 693 1156 aetatis
729 1120 867 1155 homini
883 1123 1004 1156 datum
1042 1128 1102 1162 est,

116 1173 250 1205 nedum
283 1173 577 1214 adulescentiam,
629 1173 834 1214 insumunt,
874 1181 914 1207 ut
948 1171 1103 1216 Euripos

118 1234 262 1264 omnes,
288 1223 337 1257 sic
355 1224 449 1256 enim
466 1223 707 1257 Nazianzenus
726 1231 844 1265 vocat,
859 1222 1102 1257 Aristotelicos

116 1271 336 1313 exhauriant,
355 1274 389 1307 id
409 1276 502 1320 quod
520 1275 637 1309 nescio
654 1287 700 1307 an
717 1287 875 1320 unquam
891 1275 998 1308 alicui
1017 1287 1101 1308 con-

116 1324 245 1367 tigerit.
306 1324 467 1359 Subinde
494 1326 588 1359 enim
613 1326 709 1371 quod
732 1323 938 1359 exhauritur
972 1326 1101 1364 influit,

115 1375 277 1408 foelicius
300 1375 335 1408 id
355 1376 497 1419 quidem
518 1388 622 1420 quam
642 1377 734 1420 quod
760 1377 802 1409 de
818 1375 1020 1409 Danaidum
1038 1377 1101 1408 do-

115 1425 174 1458 liis
190 1426 319 1458 ferunt.
359 1424 461 1459 Adde
477 1427 571 1471 quod
590 1438 668 1459 cum
686 1438 720 1459 se
737 1426 810 1458 veri
827 1426 1010 1458 scientiam
1027 1437 1100 1458 me-

115 1475 222 1509 ditari
233 1476 442 1519 gloriantur,
461 1477 653 1520 plurimum
665 1488 789 1519 operae
800 1476 945 1508 fallaciis
958 1482 1101 1508 necten-

116 1527 240 1572 disque
272 1527 363 1560 dolis
394 1527 535 1569 linguae
567 1533 716 1566 navant,
749 1532 788 1559 ut
810 1526 983 1558 festiviter
1008 1526 1099 1558 ludit

116 1576 285 1611 Isocrates
320 1590 398 1610 cum
433 1577 497 1611 ait:
554 1576 599 1612 Οἱ
625 1578 908 1621 προςποιοῦνται
934 1572 1003 1620 μὲν
1031 1574 1099 1620 τὴν

119 1624 299 1673 ἀλήθειαν
316 1626 436 1673 ζητεῖν
447 1655 456 1669 ,
477 1625 591 1666 εὐθὺς
607 1625 644 1661 δ’
665 1627 703 1661 ἐν
720 1625 814 1672 ἀρχῇ
831 1629 908 1661 τῶν
923 1627 1099 1674 ἐπαγγελ-

115 1675 266 1724 μάτων,
303 1676 427 1725 ψευὸᾖ
451 1677 567 1726 λέγειν
590 1678 844 1723 ἐπιχειροῦσιν.
897 1676 1035 1711 Deinde
1061 1689 1100 1710 ex

115 1736 167 1764 tot
183 1730 376 1763 factionum
393 1730 541 1763 diversis
565 1730 812 1772 opinionibus,
839 1728 895 1761 vix
914 1739 1021 1760 unam
1041 1734 1098 1759 aut

115 1780 280 1819 alteram,
294 1791 382 1825 quae
398 1779 467 1812 sibi
486 1786 638 1817 constet,
656 1779 818 1821 reperias.
855 1778 978 1811 Solent
995 1778 1100 1817 enim,

115 1837 155 1863 ut
173 1842 212 1863 ex
231 1830 407 1863 veteribus
427 1828 620 1871 Theologis
644 1830 787 1874 quidam
811 1829 916 1872 primi
945 1829 1100 1861 nominis
1125 1849 1127 1867 ς

116 1880 223 1918 dixit,
250 1880 286 1912 in
303 1880 400 1913 omni
419 1878 574 1913 humano
592 1881 751 1921 dogmate
768 1879 864 1912 falsis
881 1891 981 1919 vera,
1011 1879 1100 1912 veris

115 1930 202 1963 salsa
219 1931 380 1971 misceri,
405 1928 467 1964 καὶ
484 1929 517 1964 τ’
537 1927 673 1975 ἀληθὲς
686 1931 831 1968 πολλοῖς
846 1928 1022 1976 ψεύδεσιν
1042 1929 1098 1977 ἐγ-

113 1977 366 2026 κρύπτεσθαι,
396 1987 435 2015 ut
458 1980 622 2026 Dionysii
651 1982 768 2014 verbis
793 1988 882 2015 utar.
938 1980 992 2014 Ibi
1017 1993 1098 2014 vero

116 2038 249 2077 quanto
267 2043 345 2074 agas
370 2032 536 2075 negocio,
566 2032 694 2077 quibus
720 2032 913 2065 auditorem
931 2032 1099 2076 perfugiis

115 2080 252 2124 trahas,
284 2084 369 2116 dum
397 2083 589 2116 sententiae
605 2082 767 2116 Doctoris
792 2083 884 2116 inter
910 2095 944 2116 se
972 2095 1100 2116 conve—
1125 2124 1126 2131 ἵ

115 2133 237 2174 uiant,
264 2133 433 2167 nimirum
457 2140 497 2167 ut
518 2134 665 2167 candida
689 2134 815 2177 nigris:
845 2141 880 2168 at
904 2134 953 2167 nil
981 2134 1098 2170 refert,

115 2184 236 2225 cadat,
264 2196 309 2217 an
329 2191 422 2218 recto
440 2192 506 2218 stet
524 2185 643 2218 sabula
663 2185 751 2224 talo,
777 2186 881 2218 modo
909 2185 1096 2218 clamatum

115 2234 160 2268 sit
176 2235 322 2268 fortiter.
377 2234 521 2278 Quanto
540 2236 646 2269 satius
663 2243 736 2269 erat
754 2233 810 2269 hic
829 2236 883 2269 vel
900 2234 941 2270 τὸ
961 2233 1098 2280 ἐπέχειν

114 2297 228 2318 novae
245 2284 454 2319 Academiae
477 2287 650 2331 amplecti.
705 2286 839 2319 Vereor
854 2299 897 2320 ne
914 2287 1097 2320 molestum

115 2336 159 2369 sit
183 2336 284 2369 vobis
307 2337 428 2370 audire
454 2345 524 2371 tam
551 2338 750 2371 inconditas
778 2350 904 2380 nugas,
939 2337 1096 2382 alioquin

114 2387 283 2431 exemplis
305 2384 389 2420 haec
405 2390 670 2432 comprobarem
688 2401 760 2421 non
779 2389 909 2432 paucis.
955 2388 1097 2422 lnterim

114 2438 269 2482 partium
295 2438 422 2472 studiis
448 2439 660 2481 disceditur,
697 2441 842 2473 aluntur
869 2440 970 2481 odia,
997 2438 1098 2482 friget

115 2486 336 2530 humanitas,
377 2496 410 2523 et
431 2501 510 2523 cum
544 2502 563 2523 a
586 2490 697 2524 literis
721 2488 812 2523 nihil
835 2491 952 2524 abesse
973 2490 1096 2523 debeat

114 2539 254 2582 longius
277 2552 443 2581 rancore,
471 2553 552 2574 nam
579 2542 778 2575 communia
804 2549 904 2575 erant
924 2541 1038 2575 Musis
1065 2548 1096 2573 et

116 2588 252 2624 Gratiis
266 2592 446 2636 quondam
471 2603 586 2630 sacra,
613 2590 740 2625 horum
757 2593 891 2633 studia,
920 2604 1096 2638 quaecun-

114 2652 181 2685 que
206 2648 306 2682 sunt,
340 2642 395 2676 vel
421 2642 495 2675 sola
522 2642 636 2676 nutrit
663 2643 809 2679 invidia.
869 2643 926 2677 Sic
955 2642 1097 2681 imbuti,

114 2703 223 2736 quum
244 2693 286 2725 ad
304 2693 469 2727 sublimia
483 2721 492 2736 ,
518 2691 771 2738 Theologiam,
798 2694 889 2729 Iuris
904 2693 1097 2735 scientiam,

1123 2431 1125 2441 ¹
1149 2438 1258 2471 diant-

2094 135 2143 169 22

1160 216 1219 243 aut
1244 221 1316 242 rem
1340 211 1531 252 medicam,
1557 212 1693 246 effoetis
1716 213 1784 246 iam
1807 216 1908 249 annis
1926 218 2048 260 pedem
2066 231 2139 254 mo-

1159 266 1261 298 vent,
1290 260 1376 305 quid
1402 261 1499 294 aliud
1523 263 1667 297 defectis
1691 263 1825 306 ingenii
1851 266 2002 309 viribus,
2037 282 2140 314 quam

1159 311 1253 356 quod
1288 311 1324 344 in
1357 311 1442 344 ludo
1467 320 1742 356 consueverunt,
1778 317 1905 359 agant?
1955 317 2142 363 Nugantur

1159 373 1239 404 ergo
1258 361 1310 394 bis
1329 362 1429 406 pueri
1448 374 1564 403 senes,
1591 377 1792 410 quanquam
1811 366 1840 399 si
1856 368 1911 401 cui
1936 371 2040 412 paulo
2066 371 2141 404 soe-

1158 413 1260 445 licior
1283 420 1332 445 est
1356 413 1478 455 genius
1504 413 1627 447 lusisse
1650 418 1776 459 pudet,
1804 419 1862 451 sed
1886 431 1959 452 non
1987 421 2141 455 incidere

1159 464 1294 497 ludum.
1342 462 1453 497 Porro
1470 464 1570 497 vobis
1587 463 1881 502 Adulescentibus
1897 478 2045 504 vestram
2063 483 2142 515 gra—

1158 514 1253 547 tulor
1275 513 1518 555 foelicitatem,
1551 515 1679 560 quibus
1711 518 1926 561 benignitate
1951 522 2074 565 optimi
2104 535 2141 556 ac

1156 565 1404 608 sapientissimi
1438 564 1614 609 Principis
1648 568 1760 600 nostri
1798 566 2001 611 Friderici‚
2034 572 2142 606 Ducis

1157 614 1348 653 Saxoniae‚
1384 613 1577 657 Electoris,
1612 618 1758 660 contigit
1778 619 1880 663 longe
1901 622 2142 657 saluberrimis

1157 666 1305 699 erudiri:
1331 667 1445 699 fontes
1460 666 1553 710 ipsos
1567 668 1695 701 artium
1712 681 1752 702 ex
1767 671 1910 714 optimis
1933 671 2141 708 authoribus

1158 714 1317 751 hauritis.
1370 716 1438 749 Hic
1463 717 1622 751 nativum
1648 731 1686 751 ac
1712 720 1885 754 sincerum
1904 722 2142 765 Aristotelem,

1156 767 1216 799 ille
1233 767 1497 810 Quintilianum
1517 766 1728 810 Rhetorem,
1756 768 1812 804 hic
1828 771 1984 806 Plinium
2003 781 2139 808 tantum

1156 818 1368 851 ditissimum
1395 820 1575 862 medelae,
1618 832 1656 853 ac
1682 821 1790 855 veluti
1814 824 1993 867 quoddam
2021 827 2141 869 copiae

1156 881 1283 909 cornu,
1320 869 1378 901 ille
1402 870 1576 911 argutias,
1603 871 1660 903 sed
1687 879 1760 904 arte
1792 879 2000 918 temperatas
2030 877 2140 912 docet.

1156 917 1339 952 Accedunt
1363 919 1437 952 sine
1461 920 1590 964 quibus
1615 933 1719 954 nemo
1744 930 1856 965 potest
1873 926 2034 959 eruditus
2059 939 2141 959 cen-

1156 970 1242 1008 seri,
1259 967 1526 1008 Mathematica‚
1544 971 1626 1004 item
1647 971 1809 1006 Poemata
1822 999 1829 1011 ‚
1847 972 2034 1017 Oratores,
2060 990 2141 1020 pro-

1155 1021 1347 1053 fessoribus
1374 1033 1446 1053 non
1469 1022 1681 1065 proletariis.
1735 1022 1828 1057 Haec
1852 1025 1880 1058 si
1905 1028 2140 1069 cognoveritis

1156 1083 1226 1115 quo
1251 1071 1376 1104 ordine
1398 1073 1579 1105 tractanda
1604 1073 1692 1113 siut,
1720 1081 1813 1108 certo
1836 1076 1926 1116 scio,
1954 1084 1987 1110 et
2014 1078 2142 1119 facilia,

1156 1128 1189 1154 et
1206 1122 1405 1155 admirandi
1425 1123 1599 1166 profectus
1615 1124 1843 1160 videbuntur.
1896 1126 2049 1161 Puerilia
2068 1136 2141 1162 stu—

1155 1173 1212 1205 dia
1238 1185 1326 1217 quae
1351 1173 1531 1216 appellant
1552 1172 1896 1221 προγυμνάσματα,
1926 1178 2143 1213 Grammati-

1155 1235 1212 1264 ca,
1238 1223 1447 1264 Dialectica‚
1474 1222 1665 1258 Rhetorica
1693 1233 1835 1260 eatenus
1859 1229 2023 1262 discenda
2047 1238 2142 1271 sunt,

1154 1286 1221 1319 qua
1248 1275 1289 1307 ad
1315 1274 1506 1308 dicendum
1529 1287 1568 1308 ac
1595 1275 1823 1311 iudicandum
1847 1278 2056 1319 instructuS,
2091 1281 2143 1313 sa-

1155 1325 1254 1367 stigia
1279 1326 1477 1358 studiorum
1500 1338 1572 1359 non
1592 1333 1720 1360 temere
1737 1329 1885 1363 affectes.
1940 1329 2141 1372 Iungendae

1154 1373 1309 1407 Graecae
1327 1375 1448 1408 literae
1460 1375 1614 1417 Latinis,
1640 1385 1680 1411 ut
1701 1376 1956 1422 Philosophos,
1983 1379 2141 1414 Theolo-

1153 1436 1231 1467 gos,
1258 1423 1474 1465 Historicos‚
1503 1424 1689 1468 Oratores,
1716 1427 1841 1462 Poetas
1857 1430 2028 1472 lecturus,
2055 1444 2141 1477 qua-

1153 1486 1220 1518 qua
1245 1481 1278 1507 te
1309 1481 1446 1514 vortas,
1480 1486 1553 1507 rem
1586 1476 1695 1519 ipsam
1721 1480 1931 1523 adsequare,
1966 1493 2038 1515 non
2062 1495 2142 1515 um-

1153 1525 1251 1557 bram
1276 1536 1414 1564 rerum,
1441 1524 1537 1558 velut
1554 1524 1654 1558 Ixion
1678 1539 1756 1560 cum
1776 1528 1913 1563 Iunone
1935 1543 2141 1575 congressu-

1152 1586 1229 1615 rus,
1263 1575 1300 1607 in
1324 1575 1456 1608 nubem
1480 1575 1615 1612 incidit,
1669 1576 1746 1610 Hoc
1771 1580 1870 1623 quasi
1894 1581 2021 1614 viatico
2046 1595 2141 1616 com-

1153 1632 1291 1668 parato,
1319 1638 1381 1669 per
1396 1627 1603 1670 compendia
1620 1625 1681 1661 καὶ
1699 1626 1877 1673 εὐπετῶς,
1907 1638 1944 1664 ut
1963 1631 2062 1666 Plato
2081 1634 2140 1673 ait,

1151 1674 1418 1720 Philosophiam
1439 1678 1573 1711 accede.
1625 1677 1715 1711 Nam
1736 1692 1772 1712 in
1790 1692 1827 1713 ea
1844 1693 1919 1714 sum
1940 1683 2043 1726 plane
2061 1696 2140 1717 sen—

1152 1728 1279 1763 tentia,
1307 1733 1347 1760 ut
1363 1727 1422 1771 qui
1442 1727 1525 1761 velit
1549 1728 1685 1770 insigne
1705 1730 1858 1775 aliquid,
1884 1733 1937 1765 vel
1964 1733 2001 1765 in
2024 1735 2140 1776 sacris,

1153 1777 1206 1809 vel
1233 1777 1309 1809 foro
1337 1777 1474 1817 conari,
1512 1790 1635 1821 parum
1660 1780 1884 1821 effecturum,
1919 1784 1955 1815 ni
1981 1785 2139 1819 animum

1150 1834 1250 1861 antea
1280 1825 1443 1860 humanis
1461 1828 1658 1873 disciplinis
1676 1830 1740 1873 (sic
1757 1833 1849 1864 euim
1870 1831 2138 1879 Philosophiam

1150 1877 1254 1922 voco)
1270 1879 1482 1922 prudenter,
1508 1886 1539 1913 et
1557 1887 1728 1925 quantum
1748 1883 1828 1915 satis
1847 1890 1916 1924 est,
1937 1887 2138 1920 exercuerit.

1124 1943 1127 1950 ¹
1150 1928 1239 1962 Nolo
1259 1936 1373 1963 autem
1393 1927 1678 1974 philosophando
1696 1945 1897 1979 quenquam
1919 1937 2062 1979 nugari,
2091 1938 2138 1971 ita

1150 1980 1242 2012 enim
1261 1980 1316 2020 fit,
1344 1987 1381 2013 ut
1398 1982 1596 2015 communis
1615 1982 1717 2015 etiam
1743 1995 1864 2017 sensus
1880 1987 2021 2019 tandem
2046 1988 2138 2021 obli-

1150 2031 1291 2065 viscare.
1345 2031 1412 2065 Sed
1433 2044 1471 2064 ex
1491 2033 1632 2075 optimis
1646 2034 1778 2077 optima
1795 2035 1919 2078 selige,
1934 2049 2042 2082 eaque
2058 2050 2136 2071 cum

1149 2083 1190 2114 ad
1205 2082 1385 2115 scientiam
1398 2089 1561 2121 naturae,
1585 2091 1658 2117 tum
1676 2085 1717 2117 ad
1734 2097 1846 2118 mores
1865 2087 2069 2122 formandos
2085 2096 2137 2122 at-

1150 2133 1310 2166 tinentia.
1364 2132 1403 2165 lu
1432 2133 1554 2182 primis
1580 2132 1638 2167 hic
1664 2136 1864 2170 eruditione
1886 2136 2020 2172 Graeca
2045 2152 2135 2183 opus

1150 2191 1216 2222 est,
1245 2196 1334 2228 quae
1353 2190 1497 2217 naturae
1512 2185 1692 2218 scientiam
1711 2187 1911 2220 universam
1933 2190 2137 2234 complecti-

1150 2242 1223 2274 tur,
1256 2242 1294 2268 ut
1318 2236 1361 2267 de
1388 2235 1547 2268 moribus
1578 2236 1735 2280 apposite
1770 2249 1807 2271 ac
1844 2239 1983 2282 copiose
2019 2241 2136 2274 dicere

1149 2296 1265 2329 queas,
1326 2284 1524 2318 Plurimum
1569 2287 1687 2320 valent
1727 2285 1928 2322 Aristotelis
1971 2290 2134 2333 Moralia,

1149 2335 1257 2379 Leges
1272 2335 1446 2374 Platonis,
1471 2335 1617 2378 Poetae,
1636 2344 1739 2382 atque
1756 2339 1779 2371 ii
1795 2352 1896 2381 sane,
1912 2341 1971 2385 qni
1991 2349 2023 2375 et
2042 2342 2134 2386 opti-

1149 2387 1194 2419 mi
1225 2394 1326 2427 sunt,
1363 2394 1393 2419 ct
1421 2387 1455 2419 in
1476 2384 1540 2420 hoc
1555 2388 1621 2431 legi
1642 2397 1804 2430 possunt,
1830 2397 1868 2424 ut
1892 2391 2030 2425 animos
2053 2405 2133 2426 eru-

1312 2437 1488 2470 Homerus
1513 2436 1657 2472 Graecis
1686 2440 1763 2472 sons
1790 2441 1948 2475 omnium
1974 2443 2133 2487 discipli-

1151 2500 1294 2528 narum,
1328 2487 1506 2529 Vergilius
1529 2501 1567 2522 ac
1584 2488 1753 2524 Horatius
1770 2490 1914 2525 Latinis.
1967 2492 2132 2527 Necessa-

1149 2540 1198 2572 ria
1226 2545 1272 2571 est
1298 2539 1445 2572 omnino
1470 2540 1513 2572 ad
1540 2537 1629 2573 hanc
1656 2553 1727 2573 rem
1754 2539 1918 2583 historia,
1947 2543 2000 2576 cui
2026 2545 2052 2576 si
2069 2557 2132 2577 au-

1148 2591 1229 2629 sim,
1258 2602 1312 2622 me
1337 2587 1452 2623 hercle
1471 2602 1542 2623 non
1570 2591 1701 2624 invitus
1719 2593 1781 2625 uni
1798 2594 2000 2634 contulero,
2028 2595 2132 2639 quid-

1149 2641 1232 2684 quid
1260 2648 1433 2674 emeretur
1465 2641 1609 2674 laudum
1644 2643 1830 2677 universus
1864 2644 1990 2678 artium
2026 2645 2131 2678 orbis.

1151 2691 1242 2725 Haec
1262 2691 1347 2735 quid
1366 2692 1410 2725 sit
1432 2689 1639 2736 pulchrum,
1668 2694 1753 2738 quid
1779 2701 1898 2739 turpe,
1925 2695 2010 2740 quid
2034 2695 2132 2738 utile,

1244 2744 1293 2776 2*
