2338 2958
32 2110 41 2189 ,σψ-
34 1955 39 2103 --...-—v
36 1931 38 1939 c

30 2760 33 2798 -—<
30 2742 34 2751 ι
30 2246 41 2729 :Q-——mffiff-
32 2202 41 2236 „2

124 131 200 167 837

226 213 350 250 Edidit
371 221 405 248 et
428 214 589 258 proprias
610 215 889 254 lucubrationes,
924 215 960 248 in
986 214 1115 260 quibus

124 267 259 312 aliquot
273 266 430 299 Psalmos
447 272 480 298 et
490 263 724 308 Evangelium
739 278 758 299 a
772 264 929 300 iohanne
946 266 1114 310 scriptum

123 323 280 355 enarrat,
312 316 349 349 in
365 316 494 361 quibus
511 316 606 349 videt
622 317 780 350 eruditus
796 324 829 350 et
840 317 978 361 sapiens
996 317 1115 356 lector,

121 379 194 402 non
212 366 393 400 ambitiose
419 379 497 400 eum
524 367 645 400 ludere
660 368 833 411 fingendis
849 367 1041 411 peregrinis
1058 367 1111 399 in-

119 417 452 462 terpretationibus,
478 429 552 451 non
570 418 755 451 offundere
771 418 956 461 caliginem
973 417 1114 451 lectori-

117 469 186 503 bus
208 469 374 512 ambiguo
399 475 432 502 et
457 468 652 513 improprio
677 481 852 502 sermone:
877 469 936 502 sed
961 468 1114 513 propriis

118 519 255 560 verbis,
288 525 321 553 et
350 519 533 563 perspicue
559 520 700 553 unicam
726 520 881 553 nativam
904 519 1112 553 sententiam

118 570 297 604 evolutam
327 570 516 606 illustrare.
580 569 625 604 Ut
654 582 788 609 mores,
824 570 871 604 ita
900 570 1014 603 oratio
1045 569 1113 603 fuit

117 621 277 666 placida,
323 627 415 655 recta
450 627 482 654 et
512 628 618 654 casta:
661 622 719 654 sed
746 628 863 655 tamen
889 621 1047 665 copiosa,
1080 626 1112 653 et

117 673 270 717 quadam
299 672 514 716 parsimonia
546 678 691 705 ornatus
721 678 754 705 et
784 671 980 710 luminum,
1023 683 1112 717 quae

116 733 245 766 magno
273 722 410 757 delectu
436 722 620 763 miscebat,
657 720 810 756 Atticam
837 722 934 755 illam
960 723 1110 756 formam

117 774 281 807 referens.

219 849 351 893 Magna
373 848 450 882 laus
474 855 506 882 et
528 846 613 883 haec
635 855 685 883 est
705 848 862 893 pietatis,
889 849 1112 889 eruditionis,

116 900 342 946 prudentiae,
376 899 576 943 gravitatis,
614 899 683 933 imo
709 906 742 933 et
764 899 918 943 Spiritus
937 900 1048 934 sancti
1074 901 1111 933 in

115 963 155 985 eo
172 950 399 994 significatio,
427 951 520 995 quod
541 962 619 984 cum
643 950 680 983 in
697 948 753 983 his
775 950 931 984 dissidiis
948 951 1111 996 publicis,

115 1013 204 1047 quae
226 1008 264 1035 ut
287 1001 343 1040 fit,
379 1001 497 1034 laxant
514 1001 723 1045 disciplinae
744 1002 881 1042 frenos,
910 1002 1012 1035 multi
1031 1014 1111 1047 pas-

115 1053 181 1086 sim
198 1063 308 1086 novas
332 1051 519 1096 opiniones
541 1052 735 1086 ambitione
755 1059 815 1085 aut
837 1053 1038 1087 curiositate
1057 1053 1109 1096 gi-

115 1110 279 1148 gnerent,
307 1103 380 1147 ipse
403 1114 540 1146 semper
563 1103 608 1135 ab
626 1103 792 1135 omnibus
812 1103 993 1136 furoribus
1010 1104 1110 1136 fana-

114 1154 265 1189 ticorum
296 1151 424 1186 horum
454 1150 661 1193 abhorruit,
695 1159 728 1186 et
759 1160 874 1186 custos
901 1153 967 1188 suit
991 1154 1109 1188 incor-

114 1211 239 1249 ruptae
265 1204 464 1245 doctrinae‚
499 1215 587 1249 quae
605 1203 643 1236 in
665 1201 813 1237 Lutheri
831 1204 1110 1239 confessionibus

113 1266 272 1300 expressa
289 1261 350 1289 est.

214 1329 261 1364 Et
284 1330 367 1375 quia
391 1331 534 1374 prodest
558 1337 673 1364 extare
698 1331 741 1363 ad
768 1337 925 1374 posteros
949 1331 1105 1365 testimo-

113 1383 214 1417 nium
241 1381 371 1425 ipsius,
403 1381 619 1414 recitandam
641 1393 713 1414 esse
730 1382 850 1414 censui
868 1389 902 1415 et
918 1383 1109 1415 consessio-

114 1446 194 1467 nem
217 1432 348 1476 ipsius,
380 1442 481 1475 saepe
505 1432 689 1475 repetitam
708 1444 786 1465 cum
805 1440 1016 1477 aegrotaret,
1045 1445 1108 1467 au-

112 1483 292 1518 dientibus
326 1482 446 1516 multis
476 1482 688 1516 Doctoribus
724 1490 757 1517 et
787 1483 928 1526 collegis
966 1485 1105 1517 nostris.

114 1533 326 1570 Adfirmavit
346 1533 439 1567 enim
456 1533 656 1577 saepissime
673 1546 709 1567 se
731 1540 804 1567 toto
821 1542 958 1577 pectore
974 1536 1106 1579 ample-

113 1586 159 1620 cti
195 1596 405 1618 consensum
435 1584 616 1618 doctrinae
656 1585 693 1616 in
729 1585 895 1618 omnibus
932 1586 1107 1626 articulis,

113 1647 217 1682 quem
250 1647 319 1669 una
352 1646 457 1673 voce,
492 1647 570 1668 cum
600 1632 753 1669 Luthero
781 1642 813 1668 et
840 1642 978 1679 pastore
1002 1634 1107 1669 huius

110 1686 287 1721 Ecclesiae
302 1697 427 1719 sonare
443 1685 567 1720 solitus
582 1685 640 1719 sit:
667 1697 771 1731 seque
785 1684 879 1719 bunc
894 1699 1104 1721 consensum

111 1739 155 1773 ad
187 1736 302 1770 Deum
333 1743 366 1770 et
397 1737 509 1769 filium
540 1735 625 1777 Dei,
660 1743 694 1770 et
723 1738 765 1769 ad
795 1735 1051 1780 Prophetarum
1074 1745 1106 1771 et

112 1787 366 1833 Apostolorum
386 1787 676 1820 consuetudinem
693 1794 894 1821 constanter
916 1789 1105 1821 allaturum

115 1851 198 1873 esse.
252 1837 324 1871 Nec
341 1837 503 1870 dubitare
520 1849 573 1875 se,
601 1835 691 1870 banc
715 1845 916 1881 perpetuam
936 1850 1008 1871 esse
1026 1851 1106 1872 sen-

112 1889 259 1925 tentiam
284 1885 475 1921 catholicae
491 1886 667 1921 Ecclesiae
689 1886 775 1926 Dei,
802 1901 906 1933 quam
932 1890 1106 1933 professus

113 1947 212 1975 esset.
266 1936 433 1972 Inchoata
456 1945 507 1971 est
532 1938 575 1971 ab
600 1950 639 1971 eo
665 1939 840 1972 enarratio
866 1941 1015 1984 symboli
1042 1940 1105 1973 Ni-

113 1991 208 2031 ceni,
250 1990 288 2022 in
320 2002 387 2035 qna
414 1989 514 2022 initio
546 1989 709 2022 adfirmat
734 2001 767 2021 se
790 1990 988 2034 symbolum
1015 1991 1104 2024 illud

76 2050 81 2054 ”
113 2041 292 2086 amplecti:
321 2041 450 2073 deinde
466 2040 823 2072 illustratdoctrinam
841 2041 884 2073 de
901 2041 1012 2075 tribus
1026 2054 1105 2086 per-

113 2093 228 2136 sonis,
270 2091 457 2135 diligenter
495 2090 657 2123 universa
692 2091 899 2135 antiquitate
928 2090 1106 2126 Ecclesiae

113 2143 344 2178 considerata.
404 2141 523 2185 Quare
541 2148 573 2174 et
590 2141 674 2174 alibi
695 2142 816 2175 doctos
838 2149 869 2175 et
883 2143 994 2176 bonos
1011 2144 1105 2177 viros

113 2207 190 2228 eam
211 2193 492 2227 lucubrationem
511 2193 676 2236 probasse
700 2192 782 2227 scio.
835 2191 996 2239 Denique
1016 2192 1103 2227 mihi

112 2244 379 2279 familiarissimi
405 2255 583 2276 sermones
606 2243 713 2287 ipsius
736 2243 812 2277 noti
836 2251 934 2285 sunt,
967 2245 1003 2278 in
1025 2246 1104 2291 qui-

113 2297 180 2329 bus
197 2295 314 2328 omnia
331 2292 507 2327 Ecclesiae
523 2301 678 2338 tempora
696 2295 891 2338 repetebat,
919 2302 951 2329 et
970 2308 1105 2330 errores

113 2347 269 2385 taxabat,
302 2357 453 2390 quorum
475 2344 536 2377 alii
560 2345 638 2378 aliis
664 2346 881 2388 temporibus
897 2346 932 2378 in
949 2344 1103 2380 Ecclesia

112 2396 256 2442 grassati
279 2402 380 2436 sunt,
414 2395 516 2429 multi
541 2396 643 2428 etiam
664 2396 815 2429 subinde
833 2397 1104 2441 repullularunt.

112 2448 213 2483 Serio
237 2448 340 2480 etiam
373 2447 493 2479 oderat
521 2443 715 2479 cothurnos
744 2453 776 2480 et
807 2448 970 2491 ambigua
1001 2449 1105 2491 dicta,

113 2499 242 2544 quibus
260 2509 360 2541 saepe
377 2498 537 2531 turbatae
554 2504 635 2530 sunt
647 2495 832 2530 Ecclesiae.
888 2498 1036 2542 Quoties
1053 2500 1104 2534 vi—

113 2550 149 2582 di
173 2555 388 2592 gementem,
421 2548 447 2581 si
471 2548 611 2593 quando
638 2559 747 2581 novas
771 2549 916 2582 insidias
939 2551 1026 2584 strui
1045 2564 1103 2584 ve-

114 2599 209 2634 ritati
226 2599 402 2633 audiebat.
455 2598 526 2632 Nec
548 2605 684 2632 tantum
702 2611 766 2631 vox
790 2599 827 2632 in
844 2601 1002 2635 docendo
1020 2614 1103 2635 con—

113 2651 260 2695 gruebat
284 2662 362 2683 cum
386 2648 542 2683 Ecclesia
568 2648 650 2690 Dei,
682 2650 741 2682 sed
760 2650 863 2685 etiam
883 2659 1020 2696 pectus,
1047 2653 1103 2687 in-

112 2701 269 2741 vocatio,
295 2713 408 2734 mores
426 2700 649 2734 celebrabant
666 2698 792 2735 Deum.

721 127 884 165 DECL.
919 128 996 164 DE
1029 128 1185 164 CASP.
1211 127 1572 166 CRUCIGERO.

2087 138 2159 172 838

1269 213 1322 248 Ac
1345 215 1424 248 talis
1456 227 1535 249 cum
1568 223 1671 257 esset,
1706 217 1849 261 vestigia
1874 217 1940 252 Dei
1965 220 2002 253 in
2034 231 2158 257 natura

1167 264 1272 298 etiam
1293 266 1445 299 libenter
1460 266 1723 308 considerabat,
1750 281 1788 302 ac
1806 281 1906 314 saepe
1925 271 2058 305 dictum
2075 272 2157 308 Pla-

1167 316 1260 349 tonis
1281 317 1478 361 repetebat,
1511 325 1645 360 gratam
1667 319 1710 352 de
1726 317 1802 353 Deo
1826 321 1955 354 samam
1972 321 2008 355 in
2023 324 2158 358 artibus

1166 377 1321 409 sparsam
1351 379 1431 401 esse.
1493 366 1539 401 Et
1569 368 1657 402 illud
1691 368 1896 405 Paulinum:
1931 371 2021 406 Tam
2048 387 2157 419 prope

1165 418 1283 450 adesse
1307 416 1441 458 Deum,
1477 419 1549 451 sere
1573 425 1611 452 ut
1635 421 1798 454 manibus
1816 425 2024 457 contrectari
2041 427 2159 468 possit.

1166 465 1317 501 Cernere
1337 479 1373 501 se
1395 468 1513 512 inquit
1534 471 1766 513 praesentiam
1788 472 1853 505 Dei
1873 473 1909 506 in
1926 481 2070 517 natura,
2097 478 2158 522 qui

1165 529 1309 562 prorsus
1332 525 1371 551 ut
1392 519 1516 552 artifex
1540 526 1632 553 certo
1660 521 1807 555 consilio
1826 524 1974 567 singulis
1990 528 2159 562 membris

1165 580 1229 602 sua
1253 569 1383 602 auxilia
1410 570 1589 611 attribuit,
1623 577 1657 605 et
1679 573 1845 606 adversus
1859 575 1995 618 singula
2013 579 2157 612 morbo-

1164 632 1244 653 rum
1265 631 1392 664 genera
1416 621 1604 664 peculiaria
1626 621 1798 665 praesidia
1817 631 1849 658 et
1864 627 2017 660 remedia
2034 630 2158 663 condi·

1165 671 1229 704 dit.
1290 669 1466 705 Convinci
1490 672 1594 705 etiam
1626 670 1789 707 homines
1813 675 1968 717 dicebat,
2004 690 2047 711 ne
2076 693 2157 715 casu

1164 722 1362 755 existiment
1383 719 1479 756 hunc
1502 724 1676 757 mundum
1700 737 1740 757 ex
1759 723 1847 759 chao
1874 733 2003 761 temere
2020 732 2157 765 conflu-

1164 773 1271 806 xisse:
1300 773 1381 818 quia
1399 774 1486 807 ordo
1510 774 1548 806 in
1571 775 1744 816 numeris,
1771 776 1807 809 in
1825 776 2028 813 discrImine
2047 778 2158 816 hone-

1164 830 1297 858 storum
1314 831 1347 858 et
1365 824 1542 868 turpium,
1570 825 1608 858 in
1623 826 1778 860 motibus
1800 828 2026 871 coelestibus,
2049 832 2085 865 in
2105 834 2157 866 vi-

1163 875 1263 908 cibus
1286 882 1485 919 temporum
1511 883 1696 910 testaretur
1720 885 1874 912 mentem
1898 887 2074 915 aeternam
2100 896 2157 917 ar-

1162 923 1436 960 chitectatricem
1453 937 1536 962 esse.

1265 975 1492 1020 Adiungebat
1508 977 1615 1020 igitur
1630 979 1673 1011 ad
1690 986 1840 1014 caeteras
1856 989 1946 1016 artes
1963 981 2156 1019 mathema-

1162 1034 1237 1061 tum
1265 1027 1401 1067 studia,
1437 1040 1589 1072 quorum
1613 1028 1714 1062 initia
1737 1032 1936 1073 degustarat
1953 1036 2044 1077 apud
2064 1034 2156 1069 Bor-

1162 1089 1299 1111 nerum.
1355 1077 1425 1111 Sed
1453 1076 1519 1112 hoc
1536 1079 1707 1113 decennio
1725 1086 1863 1115 tantum
1881 1082 1929 1116 eis
1947 1096 2072 1128 operae
2092 1088 2155 1120 tri-

1162 1128 1259 1168 buit,
1293 1135 1330 1162 ut
1357 1128 1448 1162 inter
1471 1129 1621 1163 artifices
1650 1132 1829 1165 numerari
1853 1135 2023 1177 potuerit,
2059 1141 2153 1181 quod

1162 1191 1202 1212 eo
1217 1179 1403 1212 adfirmare
1422 1191 1582 1223 possum,
1607 1181 1688 1226 quia
1706 1194 1784 1215 cum
1801 1192 1944 1228 propter
1957 1186 2154 1222 societatem

1161 1227 1289 1263 horum
1322 1230 1520 1264 studiorum
1552 1243 1678 1274 magna
1710 1232 1802 1266 inter
1833 1246 1897 1268 nos
1933 1237 2154 1274 familiaritas

1161 1281 1286 1321 fuerit,
1312 1287 1346 1314 et
1370 1281 1550 1323 ingenium
1576 1282 1686 1325 ipsius
1703 1283 1913 1329 introspexi,
1941 1294 1973 1321 et
1993 1301 2155 1333 progres-

1161 1343 1218 1365 sus
1244 1331 1317 1364 eius
1342 1330 1427 1365 vidi.
1486 1330 1572 1366 Erat
1590 1332 1626 1365 in
1643 1345 1682 1367 eo
1700 1340 1732 1368 et
1754 1335 1903 1370 aviditas
1918 1339 2096 1381 discendi,
2122 1349 2154 1375 et

1161 1382 1319 1416 celeritas
1348 1383 1385 1415 in
1410 1383 1656 1427 percipiendo,
1688 1391 1721 1418 et
1751 1385 1872 1420 iudicii
1896 1390 2089 1432 rectitudo,
2121 1399 2153 1426 et

1160 1433 1291 1466 laboris
1315 1433 1521 1475 tolerantia,
1551 1441 1584 1468 et
1612 1437 1806 1470 constantia
1835 1439 1964 1480 animi,
2001 1455 2067 1486 qua
2088 1443 2154 1475 im-

1161 1496 1298 1517 morare
1328 1482 1501 1518 inchoatis
1527 1485 1709 1520 laboribus
1734 1487 1931 1524 innumeris
1959 1499 1991 1526 et
2014 1504 2153 1535 geome-

1160 1535 1245 1568 trica
1268 1535 1462 1569 subtilitate
1488 1542 1629 1580 poterat.
1691 1536 1777 1572 Erat
1793 1541 1961 1575 adsiduus
1979 1543 2014 1575 in
2031 1542 2153 1577 Eucli-

1160 1585 1213 1618 dis
1230 1586 1593 1620 demonstrationibus
1610 1587 1864 1631 investigandis
1879 1599 1911 1625 et
1928 1595 2101 1627 eruendis.

1262 1635 1373 1680 Saepe
1399 1649 1478 1670 cum
1503 1649 1627 1681 magna
1654 1651 1733 1682 pars
1757 1641 1826 1673 diei
1854 1642 2041 1678 tribuenda
2067 1654 2153 1680 esset

1160 1687 1237 1719 aliis
1254 1687 1482 1729 lectionibus,
1509 1696 1569 1722 aut
1589 1689 1823 1733 reipublicae,
1850 1698 1967 1727 tamen
1992 1695 2029 1729 in
2046 1709 2150 1740 pran-

1159 1737 1227 1770 diis
1251 1744 1283 1771 et
1307 1738 1425 1771 coenis
1440 1737 1626 1773 Euclidem
1646 1741 1839 1776 collocabat
1859 1744 1894 1776 in
1914 1757 2089 1787 mensam,
2121 1755 2151 1781 et

1159 1788 1196 1820 in
1221 1800 1298 1821 eum
1322 1789 1432 1821 oculis
1458 1796 1492 1822 et
1523 1797 1639 1823 mente
1664 1791 1823 1832 intuens,
1861 1794 2025 1838 pingebat
2061 1798 2152 1831 inter

1159 1839 1335 1871 edendnm
1361 1852 1526 1872 numeros
1549 1848 1608 1874 aut
1634 1841 1760 1884 figuras
1779 1845 2071 1880 demonstrationi
2090 1861 2149 1881 ne-

1159 1890 1333 1922 cessarias.
1400 1888 1517 1923 Amici
1560 1891 1792 1927 intentionem
1835 1897 2049 1933 admirantes
2089 1912 2150 1944 per

1158 1940 1274 1973 iocum
1292 1940 1478 1984 dicebant,
1513 1938 1604 1975 hanc
1624 1942 1855 1978 intentionem
1878 1945 2148 1984 Archimedeam

1159 2002 1242 2026 esse.
1300 1990 1467 2034 Legimus
1495 1992 1589 2025 enim
1613 1992 1861 2030 Archimedem
1887 1998 1981 2033 inter
2014 2012 2149 2044 ungen—

1157 2042 1261 2079 dum,
1293 2042 1391 2086 quasi
1414 2043 1566 2077 oblitum
1590 2051 1723 2079 caetera
1748 2048 1900 2090 stetisse,
1928 2058 1960 2084 et
1978 2051 2052 2095 ipso
2070 2053 2148 2085 oleo

1157 2092 1311 2136 pinxisse
1327 2093 1466 2136 figuras,
1520 2093 1664 2140 Iamque
1676 2096 1864 2145 ἰηλιιεγςίλῃ
1883 2097 2048 2141 σύνταξει
2065 2101 2148 2136 Pto-

1157 2143 1281 2176 lemaei
1313 2145 1531 2178 versabatur:
1567 2146 1627 2178 ubi
1659 2159 1737 2180 cum
1766 2150 2059 2188 animadverteret
2083 2152 2148 2187 Al-

1157 2191 1350 2238 pbonsinas
1374 2195 1510 2228 tabulas
1533 2197 1693 2230 conditas
1716 2211 1755 2232 ex
1773 2201 1875 2234 certis
1891 2203 2148 2238 observationi-

1157 2246 1222 2278 bus
1244 2251 1325 2277 ante
1346 2257 1458 2278 annos
1480 2247 1550 2279 fere
1576 2253 1748 2283 trecentos
1775 2251 1972 2297 discrepare
1990 2267 2006 2288 e
2031 2255 2146 2290 Ptole.-

1157 2295 1296 2335 maicis,
1331 2308 1395 2329 nec
1421 2296 1499 2329 illas
1523 2303 1636 2331 tamen
1664 2311 1743 2333 cum
1767 2303 1877 2335 nostri
1901 2307 2068 2349 temporis
2084 2307 2146 2339 ob-

1156 2346 1413 2380 servationibus
1456 2359 1668 2391 congruere,
1720 2352 1822 2385 valde
1870 2362 1991 2399 optare
2035 2359 2145 2401 coepit

1157 2397 1438 2430 emendationem
1463 2399 1680 2433 tabularum:
1709 2415 1797 2447 quae
1813 2411 1852 2437 ut
1870 2405 2005 2440 institui
2024 2416 2146 2453 posset,

1155 2447 1269 2491 Reges
1295 2454 1327 2481 et
1351 2447 1533 2492 Principes
1556 2450 1598 2483 ab
1626 2448 1698 2492 his,
1732 2455 1792 2499 qui
1819 2457 2004 2492 autoritate
2024 2460 2146 2496 valent,

1156 2496 1322 2532 hortandi
1341 2506 1458 2538 erant,
1488 2507 1527 2534 ut
1543 2501 1736 2536 artificibus
1753 2506 1795 2537 ad
1814 2518 1887 2539 eam
1907 2521 1977 2541 rem
1995 2510 2146 2549 dvlci-tis,

1155 2557 1315 2593 sumptus
1335 2550 1555 2593 praeberent.
1608 2552 1769 2599 Cumque
1788 2557 2070 2592 observationum
2095 2569 2145 2593 te-

1155 2600 1321 2634 stimonia
1350 2602 1540 2635 necessaria
1574 2615 1646 2637 esse
1676 2605 1905 2651 intelligeret,
1936 2622 1990 2642 me
2022 2611 2147 2651 oravit,

1154 2658 1194 2685 ut
1214 2652 1378 2685 fabricari
1402 2650 1581 2687 machinas
1608 2667 1782 2697 curarem,
1814 2666 1847 2692 et
1872 2671 1926 2691 me
1951 2662 2147 2705 sumptibus

1155 2703 1196 2736 ad
1215 2702 1315 2738 iuvit.
1368 2701 1490 2749 Itaque
1510 2706 1646 2747 regulas
1664 2719 1723 2740 seu
1744 2708 2014 2744 instrumentum
2033 2714 2147 2756 paral—

1537 2754 1622 2789 53*
