2338 2958
168 103 262 138 1011

171 188 235 222 No.
258 186 340 222 128,
763 178 827 221 (an.
846 181 928 211 1552
949 186 982 210 ut
1001 176 1151 220 videtur.)

762 224 1159 245 w

413 286 487 326 De
522 281 681 323 ordine
717 280 919 334 politico.

244 378 273 402 ln
287 376 378 402 select.
394 374 516 399 Declam.
535 371 568 397 T.
584 371 632 397 lv.
648 379 675 405 p.
691 369 738 396 133
752 377 810 405 sqq.
829 369 948 396 Servest.
961 367 996 394 T.
1010 365 1057 394 w.
1070 365 1165 400 2122.

277 409 401 436 Richard.
418 409 451 434 T.
466 406 497 432 ll.
518 414 543 439 p.
557 405 616 431 570.

177 500 302 532 oratio
327 496 374 531 de
401 494 532 530 ordine
555 494 728 538 potinem
756 494 849 526 item
867 489 914 525 de
929 489 1108 535 periculis
1130 490 1168 521 et

178 547 301 596 officio
317 558 440 583 eorum
451 572 465 589 ‚
493 548 553 591 qui
573 543 800 579 adhibentur
814 541 973 587 publicis
991 541 1169 575 consiliis·

178 626 262 666 Etsi
284 640 408 673 magna
434 634 483 661 est
507 624 695 660 senectutis
712 622 920 666 infirmitas,
947 630 980 658 et
999 619 1084 655 haec
1107 621 1172 655 tri-

179 681 330 715 stissima
355 687 532 723 tempora,
555 675 792 710 Ecclesiarum
811 673 1114 719 perturbationes,
1139 679 1172 706 et

181 732 304 765 ruinae
332 730 581 774 imperiorum,
619 732 747 769 augent
777 725 984 768 grandaevis
1013 724 1171 757 dolores:

180 791 296 816 tamen
316 781 446 814 iustum
464 787 525 820 est,
542 790 595 811 me
604 776 679 810 Deo
695 775 823 819 gratias
839 787 951 819 agere,
969 775 1064 820 quod
1083 771 1173 806 mihi

183 833 273 865 vitae
306 831 461 875 spacium
493 827 663 862 concessit
692 826 852 869 longius,
885 827 975 861 sicut
1003 825 1171 869 scriptum

183 890 246 917 est:
278 881 353 926 lpse
368 888 418 915 est
434 881 502 914 vita
520 886 592 919 tua,
610 885 643 911 et
658 877 845 920 longitudo
862 876 999 910 dierum
1020 883 1174 916 tuorum,

182 934 264 979 quia
291 933 328 965 in
355 929 418 965 hac
440 930 562 964 aetatis
583 927 835 965 diuturnitate,
863 925 945 972 (ago
980 927 1074 960 enim
1105 926 1173 959 iam

183 995 317 1018 annum
342 981 591 1025 sexagesimum
612 976 766 1024 nonum)
785 988 909 1011 sensus
930 977 1174 1011 communium

184 1045 454 1070 aerumnarum,
490 1037 522 1065 et
553 1030 685 1063 multae
710 1028 1085 1069 commonefactiones,
1120 1039 1176 1060 me

185 1088 227 1119 de
243 1084 423 1128 agnitione
434 1081 501 1115 Dei
515 1081 625 1124 magis
641 1079 859 1120 erudierunt,
882 1085 915 1113 et
929 1079 1112 1113 ardentior
1125 1084 1178 1112 est

185 1135 361 1169 invocatio
379 1140 411 1167 et
429 1133 563 1166 firmior
579 1132 673 1164 fides.

287 1209 365 1245 Etsi
396 1216 510 1243 autem
543 1206 626 1241 huic
652 1205 839 1250 languidae
860 1213 1017 1240 senectae
1043 1206 1178 1240 vacatio

188 1264 255 1296 iam
273 1273 291 1295 a
309 1261 510 1300 laboribus,
537 1266 568 1292 et
585 1257 722 1303 requies
739 1257 926 1291 tribuenda
944 1264 1032 1291 erat:
1061 1263 1178 1290 tamen

188 1320 331 1358 propter
347 1323 500 1345 amorem
523 1310 722 1348 doctrinae,
747 1314 781 1341 et
805 1307 1019 1352 posteritatis
1043 1308 1181 1342 utilita-

190 1372 275 1405 tem,
317 1360 384 1395 hoc
407 1373 509 1405 grave
534 1371 623 1393 onus
649 1357 799 1392 docendi
830 1359 989 1392 nondum
1020 1358 1181 1403 deposui.

190 1413 331 1448 Etcum
359 1413 395 1445 in
420 1411 487 1445 hoc
511 1418 581 1444 tam
605 1411 711 1454 longo
739 1421 805 1443 usu
828 1415 862 1443 et
887 1409 1025 1443 assidua
1049 1410 1182 1454 cogita-

192 1466 287 1500 tione
320 1464 427 1498 totius
457 1462 639 1495 doctrinae
668 1467 826 1501 nostrae,
868 1471 945 1494 mea
970 1472 1036 1493 vox
1062 1461 1184 1495 multis

192 1515 408 1550 discentibus
432 1514 596 1558 prodesse
620 1512 746 1556 possit:
776 1511 885 1544 vincit
905 1510 1182 1546 imbecillitatem

193 1566 366 1611 corporis,
394 1564 566 1608 cupiditas
592 1562 739 1596 iuvandi
759 1562 1034 1606 rempublicam,
1062 1569 1094 1596 et
1119 1559 1185 1595 ho-

194 1617 473 1651 nestissimorum
497 1612 683 1647 hominum
709 1612 810 1645 filios.
868 1611 1030 1656 Cumque
1055 1613 1186 1646 multo-

195 1681 273 1702 rum
302 1673 461 1711 parentes
486 1662 573 1697 mibi
600 1664 703 1697 amici
728 1663 879 1704 suerint,
905 1663 1056 1707 quadam
1078 1663 1186 1697 veluti

197 1726 340 1764 paterna
359 1716 486 1762 pietate
503 1715 623 1749 liberis
644 1727 765 1748 eorum
783 1712 887 1747 etiam
906 1714 1109 1747 benefacere
1127 1726 1189 1747 cu-

199 1771 269 1814 pio.
315 1767 478 1812 Denique
496 1766 649 1800 retinent
664 1778 719 1798 me
734 1765 864 1798 multae
882 1762 1048 1798 honestae
1065 1775 1189 1798 causae

200 1822 236 1853 in
260 1817 327 1853 hoc
354 1818 482 1852 usitato
506 1827 652 1851 munere
675 1815 840 1851 docendi:
866 1816 960 1861 quod
980 1822 1017 1849 ut
1036 1815 1189 1850 faustum

201 1879 233 1905 et
259 1869 364 1903 foelix
396 1869 441 1902 sit
470 1868 703 1912 reipublicae,
746 1866 782 1899 in
812 1867 935 1900 multis
963 1867 1126 1910 gentibus
1159 1873 1193 1901 et

203 1920 418 1967 posteritati,
445 1926 518 1953 toto
539 1925 678 1963 pectore
695 1917 855 1963 quotidie
870 1924 966 1962 opto.

306 1996 409 2030 Nunc
436 1995 542 2038 igitur
565 2001 596 2028 et
625 1992 680 2027 bis
707 1991 865 2027 honestis
888 1992 993 2033 viris,
1026 1990 1093 2027 hoc
1118 1994 1194 2028 loco

208 2047 473 2093 gratificandum
506 2058 578 2079 esse
615 2045 718 2082 duxi,
759 2052 792 2078 et
819 2044 963 2077 nomine
988 2045 1194 2087 amplissimi

209 2099 346 2140 collegii
366 2097 497 2136 nostri,
526 2108 582 2129 eos
600 2093 681 2129 hnic
700 2102 818 2128 nostro
835 2095 965 2135 ordini,
991 2095 1050 2139 qni
1071 2096 1198 2140 legum,

213 2149 368 2183 iusticiae
395 2155 426 2181 et
449 2147 655 2191 disciplinae
682 2153 797 2180 custos
821 2153 870 2180 est
902 2145 938 2178 in
964 2146 1032 2179 vita
1067 2147 1199 2190 praeci-

214 2212 321 2246 puus,
360 2199 545 2232 adiunctos
578 2206 610 2232 ct
645 2197 794 2231 insertos
827 2209 917 2236 esse,
959 2197 1099 2241 publice
1125 2210 1200 2232 mea

215 2264 297 2285 voce
313 2261 499 2295 exponam.

317 2325 416 2358 Sicut
441 2331 556 2356 autem
582 2323 799 2356 consuetudo
825 2329 893 2361 est,
925 2322 1023 2366 prius
1054 2331 1085 2357 et
1113 2324 1206 2368 ipsiS,

219 2384 251 2410 et
270 2376 346 2409 aliis
364 2375 563 2407 iunioribus
581 2372 872 2407 commonefactio
892 2374 936 2405 de
950 2374 1120 2414 dignitate
1141 2373 1206 2408 lin-

222 2429 274 2460 ins
296 2426 494 2463 doctrinae..
523 2433 554 2458 et
581 2426 622 2457 de
646 2424 761 2456 officio
787 2436 925 2462 eornm,
951 2437 1102 2469 qnorum
1126 2439 1209 2459 voce

224 2478 350 2510 indicia
379 2484 412 2510 et
444 2476 588 2509 consilia
615 2475 881 2519 gubernationis
909 2484 1094 2519 reguntur,
1129 2489 1211 2521 pro-

227 2529 388 2573 ponenda
410 2534 473 2560 cst.

331 2605 380 2639 Ac
407 2603 576 2646 primum:
605 2599 702 2633 Nihil
729 2608 839 2645 potest
864 2601 933 2635 dici
961 2602 1096 2642 verius,
1129 2602 1212 2635 sim-

232 2656 356 2701 plicius
383 2662 415 2689 ct
439 2653 598 2698 gradus,
635 2664 740 2697 qnam
766 2650 854 2686 lianc
880 2653 1078 2687 doctrinam
1101 2660 1132 2687 et
1160 2654 1214 2689 iu-

740 91 900 128 DECL.
940 89 1017 126 DE
1051 89 1276 128 ORDINE
1309 86 1621 125 POLITICO:

2103 90 2201 126 1012

1213 174 1333 210 sticiae
1363 173 1552 218 imaginem
1585 173 1801 219 propositam
1833 175 1872 210 in
1908 174 2065 220 legibus,
2114 186 2203 208 eon-

1214 231 1395 271 gruentem
1419 237 1497 259 cum
1521 225 1692 270 sapientia
1714 225 1803 266 Dei,
1841 233 1877 260 et
1903 226 2007 260 nobis
2030 225 2204 260 divinitus

1215 276 1518 317 commendatam,
1559 275 1716 320 primum
1751 283 1895 320 propter
1927 277 2043 321 ipsum
2076 274 2207 316 Deum,

1216 333 1471 361 monstrantem
1495 323 1562 360 hos
1589 326 1707 360 radios
1731 337 1813 359 suae
1834 326 2044 370 sapientiae,
2085 333 2119 360 et
2143 337 2207 359 sua

1217 377 1405 412 autoritate
1421 377 1637 410 sancientem
1653 377 1762 420 leges:
1790 376 1919 410 deinde
1935 383 1970 411 et
1986 383 2130 421 propter
2147 388 2207 409 or-

1219 428 1313 462 dinis
1339 425 1660 472 pulchritudinem,
1702 433 1735 461 et
1762 434 1908 471 propter
1932 439 2071 473 pacem,
2106 427 2207 460 valde

1220 478 1477 518 venerandam,
1504 478 1711 518 amandam,
1736 478 2033 518 conservandam,
2058 483 2092 510 et
2105 483 2209 511 tuen-

1222 531 1302 563 dam
1325 540 1410 562 esse.
1462 528 1548 562 Ideo
1572 528 1721 561 noticias
1745 528 1982 562 discernentes
2004 527 2152 562 honesta
2177 533 2212 561 et

1222 579 1360 624 turpia,
1395 579 1486 613 iusta
1519 585 1553 612 et
1584 578 1736 620 iniusta,
1769 577 1901 612 indidit
1923 577 2021 612 Deus
2045 576 2212 612 humanis

1223 630 1420 671 mentibus,
1463 636 1502 663 ut
1530 626 1596 662 hae
1627 628 1722 673 ipsae
1757 629 1911 663 noticiae
1939 635 2111 663 testentur
2140 639 2213 661 esse

1226 682 1360 722 Deum,
1387 687 1420 714 et
1444 680 1635 714 ostendant
1655 678 1769 725 qualis
1791 679 1836 713 sit
1852 679 1964 714 Deus:
1991 686 2024 713 et
2045 685 2214 713 moneant

1226 743 1289 764 nos
1316 731 1359 763 de
1390 730 1522 764 iudicio
1556 730 1699 770 divino,
1732 736 1766 764 et
1797 730 1840 763 de
1868 730 1990 774 poenis
2025 730 2213 764 scelerum:

1226 782 1354 816 deinde
1370 781 1492 822 etiam,
1518 787 1557 814 ut
1569 780 1641 814 sint
1656 780 1819 815 rectrices
1837 780 1939 817 vitae.

1328 855 1376 890 Et
1394 854 1478 889 haec
1497 853 1685 889 hominum
1708 855 1922 890 consociatio
1946 869 1985 891 ac
2010 864 2104 892 totus
2128 857 2216 891 ordo

1231 907 1413 951 politicus,
1439 917 1528 949 opus
1554 913 1589 940 et
1616 905 1826 940 beneficium
1850 905 1919 941 Dei
1941 914 2008 942 est:
2043 915 2075 942 et
2103 919 2218 953 quan-

1229 970 1334 1003 quam
1351 957 1446 990 varie
1467 957 1642 990 laceratur
1665 956 1850 991 diabolicis
1874 965 1909 992 et
1929 956 2096 993 humanis
2119 959 2220 992 suro·

1230 1009 1348 1049 ribus,
1383 1014 1500 1042 tamen
1523 1013 1694 1052 quantum
1718 1007 1805 1041 boni
1831 1007 2007 1054 reliquum
2034 1017 2104 1049 est,
2139 1009 2175 1042 id
2200 1020 2220 1041 a

1230 1058 1306 1093 Deo
1325 1065 1563 1093 conservatur.

1332 1133 1428 1167 Haec
1460 1145 1539 1167 cum
1567 1133 1638 1168 sint
1668 1134 1865 1176 verissima,
1902 1146 2132 1179 agnoscamus
2154 1134 2223 1169 Dei

1232 1185 1419 1224 beneficia,
1450 1190 1483 1217 et
1509 1184 1558 1216 eis
1582 1191 1783 1218 reverenter
1807 1185 1985 1220 fruamur:
2015 1186 2222 1230 praesertim

1234 1247 1316 1269 vero
1334 1235 1370 1267 in
1390 1233 1512 1279 poenis
1529 1233 1632 1267 etiarn
1651 1235 1845 1278 praesentia
1863 1236 1933 1270 Dei
1950 1237 2199 1281 conspiciatur.

1335 1308 1668 1344 Manifestissimum
1691 1315 1760 1350 est,
1787 1309 1916 1344 atrocia
1935 1310 2061 1345 delicta
2082 1312 2228 1346 univer-

1235 1361 1356 1395 saliter
1373 1361 1410 1393 in
1426 1358 1490 1393 hac
1507 1360 1577 1394 vita
1596 1359 1716 1404 puniri
1730 1360 1907 1394 atrocibus
1924 1361 2058 1406 poenIS‚
2081 1369 2119 1397 ut
2134 1363 2228 1397 filius

1238 1412 1301 1447 Dei
1320 1411 1451 1456 inquit:
1480 1409 1551 1453 Qui
1568 1410 1724 1454 gladium
1743 1411 1927 1456 acceperit,
1951 1413 2069 1456 gladio
2087 1414 2229 1459 peribit.

1237 1462 1283 1497 Et
1307 1463 1350 1496 de
1370 1461 1574 1505 raptoribus
1599 1461 1748 1495 dicitur:
1785 1460 1858 1496 Vae
1882 1463 1943 1507 qui
1967 1464 2114 1508 spolias,
2146 1465 2229 1510 quia

1237 1512 1458 1558 spoliaberis.
1513 1509 1558 1545 Et
1585 1512 1628 1545 de
1654 1511 1845 1545 libidinum
1873 1513 2095 1548 confusione:
2123 1514 2230 1550 Scor—

1239 1571 1368 1600 tatores
1385 1570 1417 1597 et
1433 1562 1612 1596 adulteros
1630 1561 1801 1597 iudicabit
1815 1561 1922 1599 Deus.

1343 1637 1395 1673 Ac
1422 1645 1492 1672 tam
1517 1638 1628 1672 multa
1654 1638 1765 1672 tristia
1799 1651 1993 1683 poenarum
2026 1645 2234 1686 spectacula,

1241 1689 1413 1734 supplicia
1443 1689 1600 1733 publica,
1631 1689 1768 1729 morbi,
1804 1690 1914 1729 bella,
1948 1692 2073 1733 sames,
2101 1696 2235 1735 caedes,

1246 1740 1460 1775 calamitates
1510 1739 1659 1780 sobolis,
1712 1740 1960 1783 dissipationes
2008 1743 2237 1787 familiarum,

1245 1791 1442 1826 discordiae
1466 1790 1644 1834 publicae,
1677 1796 1708 1823 et
1734 1791 1836 1824 multi
1861 1792 1978 1835 magni
2005 1793 2146 1829 dolores
2170 1809 2237 1840 pu-

1245 1842 1330 1877 blici
1355 1848 1388 1875 et
1412 1840 1560 1884 privati,
1586 1846 1668 1873 sunt
1690 1840 1728 1874 in
1753 1849 1959 1885 conspectu,
1987 1849 2025 1877 nt
2047 1845 2118 1880 sint
2141 1859 2240 1881 com-

1246 1891 1538 1930 monefactiones‚
1565 1898 1602 1925 ut
1620 1902 1781 1924 normam
1801 1891 1893 1925 vitae
1914 1893 2088 1930 divinitus
2108 1909 2240 1943 propo-

1249 1945 1350 1979 sitam
1372 1943 1408 1975 in
1428 1942 1564 1985 legibus
1583 1942 1758 1975 discamus
1773 1949 1806 1976 et
1822 1954 2023 1989 sequamur.

1352 2016 1447 2050 llaec
1465 2028 1544 2060 sepe
1563 2015 1747 2058 cogitanda
1764 2022 1846 2050 sunt
1868 2017 1912 2050 de
1936 2017 2051 2063 legum
2071 2021 2243 2066 sontibus,

1252 2077 1285 2104 et
1301 2069 1343 2102 de
1360 2067 1554 2112 praesentia
1571 2065 1635 2100 Dei
1657 2067 1692 2099 in
1711 2068 1977 2103 conservatione
1993 2071 2129 2106 ordinis
2150 2075 2242 2118 poli-

1254 2120 1332 2160 tici,
1360 2127 1391 2152 et
1410 2119 1444 2151 in
1463 2116 1585 2163 poenis
1600 2118 1782 2157 scelerum,
1809 2126 1846 2153 ut
1863 2126 2000 2163 pectora
2016 2122 2059 2155 ad
2080 2135 2244 2160 reveren-

1255 2172 1337 2205 tiam
1357 2170 1471 2213 lcgum
1489 2168 1693 2202 adsnrfiant.
1724 2166 1767 2202 Et
1786 2171 1971 2204 execrandi
1986 2180 2067 2208 sunt
2083 2176 2244 2210 omnium

1256 2223 1412 2259 sun-ores,
1440 2220 1501 2265 qui
1527 2226 1583 2253 aut
1608 2219 1790 2253 barbarica
1813 2219 2031 2257 immanitate
2053 2223 2144 2268 leges
2168 2233 2247 2261 tan-

1258 2284 1362 2318 quam
1387 2282 1560 2304 carcerem
1580 2271 1749 2309 oderunt,
1776 2278 1834 2304 aut
1852 2273 2005 2307 vanitate
2024 2274 2248 2319 ingeniorum

1259 2332 1291 2357 et
1310 2322 1408 2355 inani
1426 2321 1658 2355 ostentatione
1675 2321 1866 2365 sapientiae
1882 2322 2088 2359 labefactare
2104 2329 2249 2363 cavilla-

1261 2374 1419 2408 tionibus
1443 2372 1666 2406 autoritatem
1689 2372 1803 2416 legum
1818 2379 1853 2407 et
1870 2374 2051 2410 doctrinae
2071 2376 2249 2413 Iuriscon-

1262 2425 1437 2459 snltorum
1454 2431 1640 2458 conantur.

1366 2499 1467 2534 lianc
1491 2507 1599 2537 totam
1629 2499 2002 2535 commonefactionem
2027 2514 2127 2547 saepe
2150 2508 2253 2540 audi-

1266 2553 1326 2587 tis:
1355 2552 1436 2597 qnia
1458 2552 1662 2584 mandatnm
1680 2549 1744 2584 Dei
1768 2557 1839 2592 est,
1864 2559 1900 2585 ut
1925 2549 2007 2586 hacc
2035 2553 2106 2598 ipsa
2129 2558 2253 2592 adnuo-

1268 2604 1356 2637 nitio
1375 2615 1476 2646 saepe
1502 2610 1696 2646 repetatur,
1723 2614 1827 2647 qnam
1854 2602 1996 2647 quidem
2015 2611 2046 2637 et
2071 2605 2143 2649 ipsc
2160 2607 2254 2644 Deus

1268 2667 1368 2699 saepe
1387 2653 1508 2699 repetit
1522 2679 1529 2690 .
1558 2653 1618 2699 qui
1636 2653 1710 2687 vult
1736 2653 1772 2686 in
1789 2653 1948 2687 omnium
1973 2657 2150 2692 mentibus
2170 2672 2256 2695 cun-

2335 754 2338 775 μ
2335 725 2338 743 ..
2325 307 2338 714 ——m-m—u—-a--Q-
2337 271 2338 280 ⁴
