2338 2958
187 93 258 129 179

184 177 373 217 habemus,
407 187 482 209 eam
507 174 641 215 odisse,
676 179 711 206 et
735 178 775 206 ut
806 171 1091 206 nocentissimam
1116 183 1178 217 pe-

187 237 274 263 stem
301 228 437 271 fugere,
474 227 691 269 istorumque
724 220 918 256 heluonum
951 223 1180 257 consuetudi-

188 292 269 313 nem
295 285 461 323 tanquam
487 275 642 320 pestiferi
667 273 784 307 morbi
805 274 1005 317 contagium
1024 274 1181 307 devitare

189 331 368 364 debemus.
419 326 466 360 Et
487 326 622 370 quoties
640 323 744 358 nobis
761 324 840 358 talis
865 325 1039 370 quispiam
1059 337 1182 358 occur-

190 382 253 421 rit,
278 378 343 413 boc
365 378 515 420 elogium
540 376 593 408 illi
616 377 651 409 in
676 377 792 409 fronte
819 376 986 420 scriptum
1005 382 1182 419 putemuS‚

191 432 285 478 quod
301 432 344 463 de
361 428 514 461 Tantalo
533 433 582 460 est
598 428 633 459 in
656 425 871 469 Tragoedia:

240 484 343 515 Nolite
361 483 493 521 hospites
511 481 547 510 ad
563 492 610 510 me.
626 484 668 510 ire
685 483 755 510 ilico
775 483 859 517 istic,

240 535 285 565 Ne
303 536 441 572 contagio
454 543 522 562 mea
538 534 625 562 bonis
641 533 782 562 umbrave
798 532 894 568 obsit,

240 586 337 616 Tanta
354 587 398 614 vis
417 586 534 613 sceleris
552 586 582 613 in
602 594 726 623 corpore
742 590 768 611 et
784 585 884 611 animo
901 581 1001 610 haeret
1017 591 1096 610 meo.

188 633 325 669 Revera
349 633 444 666 enim
468 632 603 665 nullius
632 631 747 664 morbi
771 629 972 672 contagium
999 628 1183 662 nocentius

189 693 261 726 est,
289 696 394 729 quam
413 684 537 717 talium
555 680 741 716 hominum
762 681 989 715 consuetudo,

290 735 535 778 Proponamus
552 733 655 766 nobis
669 733 815 765 verbum
835 731 918 772 Dei,
946 731 1041 775 quod
1062 729 1184 764 multis

188 788 225 820 in
251 787 337 819 locis
358 797 423 818 nos
445 786 489 818 ab
511 784 679 817 ebrietate
701 789 840 816 revocat
859 783 901 815 ad
920 781 1112 821 ieiunium,
1139 782 1181 814 ad

190 838 414 871 sobrietatem
434 836 572 870 invitat.
618 834 707 867 Nota
727 841 776 867 est
791 833 981 866 sententia:
1009 831 1061 865 Ne
1078 832 1182 865 corda

188 896 300 922 vestra
321 893 510 930 graventur
534 885 688 930 crapula.
748 883 794 918 Et
813 891 953 917 sanctus
972 883 1103 916 Paulus
1120 895 1185 927 po-

189 940 312 984 pulum
333 935 591 971 israheliticum
614 948 633 969 a
658 936 800 980 crapula
820 937 861 968 ad
882 934 1083 968 idolatriam
1101 946 1184 978 pro-

189 991 325 1035 lapsum
350 989 513 1023 affirmat.
575 986 692 1032 Atque
715 984 878 1020 Christus
908 986 981 1029 ipse
1006 985 1069 1018 ait:
1106 984 1184 1018 Hoc

187 1052 297 1085 genus
321 1040 588 1073 daemoniorum
616 1050 688 1071 non
715 1038 872 1078 eiicitur,
903 1036 971 1069 nisi
996 1036 1129 1069 ieiunio
1151 1042 1184 1069 et

188 1092 360 1126 oratione.
420 1088 473 1123 Ex
496 1102 565 1135 quo
589 1089 773 1134 perspicue
798 1089 959 1132 adparet,
994 1087 1069 1120 istis
1088 1099 1184 1120 com-

186 1141 458 1176 messationibus
483 1153 521 1174 ac
538 1138 806 1174 heluationibus
823 1139 988 1173 Satanam
1009 1139 1136 1171 accersi
1152 1144 1186 1171 et

188 1194 373 1233 interesse,
416 1192 620 1237 sociumque
652 1203 690 1224 ac
715 1190 900 1224 convivam
931 1201 1003 1223 esse
1036 1189 1184 1222 istorum

187 1246 386 1279 lurconum.
455 1243 621 1276 Testatur
649 1240 716 1275 hoc
746 1241 850 1275 etiam
886 1246 1032 1274 eventus
1060 1240 1184 1273 talium

186 1295 467 1341 symposiorum,
502 1305 590 1338 qnae
619 1305 699 1326 raro
725 1292 800 1325 sine
824 1292 928 1325 caede
951 1291 1100 1336 aliisque
1118 1291 1185 1323 im—

187 1347 352 1379 manibus
371 1351 404 1377 et
423 1342 610 1377 horrendis
629 1343 771 1386 flagitiis
784 1343 1041 1385 transiguntur.
1094 1340 1186 1374 Ubi-

188 1408 326 1443 cunque
342 1395 450 1439 igitur
465 1395 532 1428 tale
549 1394 693 1439 aliquod
719 1393 923 1426 convivium
942 1391 1107 1436 adparari
1133 1392 1186 1424 vi-

187 1449 297 1488 detis,
324 1445 596 1486 Adolescentes,
624 1457 668 1477 ne
686 1443 816 1488 putetis
828 1442 983 1486 Angelos
997 1442 1070 1475 illic
1086 1454 1186 1475 men-

185 1512 242 1533 sae
259 1497 488 1532 administros
502 1503 535 1530 et
554 1496 715 1530 custodes
730 1506 816 1528 esse:
839 1491 876 1526 hi
896 1501 1032 1527 tantum
1048 1493 1186 1526 sobrio-

189 1563 267 1585 rum
285 1549 403 1583 coenis
423 1549 616 1585 intersunt,
645 1558 767 1579 eorum
793 1557 912 1578 curam
932 1551 1078 1587 gerunt,
1106 1557 1184 1577 cum

190 1603 256 1635 isto
273 1612 373 1644 grege
392 1597 586 1632 heluonnm
610 1596 812 1630 commercii
830 1594 922 1629 nihil
942 1593 1092 1635 habent,
1126 1595 1185 1628 sed

189 1653 338 1687 Satanas
373 1650 443 1683 illis
479 1649 675 1688 ministrat,
719 1648 866 1681 Satanas
901 1647 1027 1691 pocula
1056 1646 1187 1688 miscet,

188 1715 329 1748 unaque
348 1714 426 1735 cum
446 1701 528 1734 vino
546 1712 584 1733 ac
602 1699 768 1733 cerevisia
786 1696 937 1743 sulphur
953 1705 1056 1743 atque.
1074 1697 1186 1741 picem

190 1750 453 1799 phlegethontis
476 1751 661 1796 propinat,
697 1750 826 1795 quibus
850 1750 958 1794 potis,
993 1749 1109 1782 statim
1131 1749 1188 1782 su-

190 1818 265 1839 rere
290 1804 478 1847 incipiunt.
539 1802 666 1835 Nonne
687 1800 832 1838 videtis,
859 1813 965 1846 quam
982 1800 1077 1833 velut
1097 1800 1187 1845 lym-

190 1854 319 1902 phatici
337 1853 568 1892 bacchentur,
596 1861 629 1887 et
644 1860 811 1897 tanquam
828 1851 960 1885 rabiosi
978 1863 1079 1884 canes
1096 1851 1188 1884 inter

193 1920 227 1941 se
244 1908 355 1952 ipsos,
383 1913 416 1939 et
434 1918 512 1939 cum
530 1905 624 1945 aliis,
652 1910 797 1937 cruento
816 1903 908 1936 ferro
926 1909 1153 1936 concurrant„

294 1957 371 1991 Iloc
387 1964 437 1991 est
459 1957 552 2002 quod
580 1962 612 1989 et
628 1953 830 1988 Alexander
847 1953 995 1987 Macedo
1013 1953 1081 1987 sibi
1097 1952 1188 1986 acci-

192 2011 274 2042 dere
308 2009 435 2048 sensit,
473 2015 505 2040 et
531 2013 673 2052 questus
705 2005 810 2039 etiam
841 2012 910 2046 est,
945 2017 1071 2049 nempe
1092 2004 1187 2051 quod

193 2074 271 2093 cuin
297 2060 463 2099 bibisset,
506 2058 542 2091 in
573 2070 648 2090 eam
674 2057 808 2090 rabiem
838 2057 1107 2096 accenderetur,
1149 2061 1189 2089 ut

195 2112 287 2144 inter
303 2111 426 2154 pocula
445 2109 590 2142 intimos
608 2115 640 2142 et
656 2106 880 2141 charissimos
897 2109 1029 2140 amicos
1044 2114 1189 2140 contru-

194 2163 345 2201 cidaret,
387 2168 419 2194 et
447 2158 622 2193 Bacchum
654 2172 733 2192 eum
765 2159 919 2192 furorem
945 2159 1012 2192 sibi
1037 2158 1190 2191 obiicere

194 2213 362 2249 credidit,
409 2212 632 2244 ulciscentem
661 2207 854 2243 Thebanae
881 2210 980 2243 urbis
1004 2209 1189 2242 excidium.

196 2266 343 2296 Satanas
379 2264 441 2295 fnit
476 2263 537 2295 iste
561 2259 737 2301 Bacchus,
781 2261 842 2306 qui
878 2261 1038 2294 assiduus
1066 2261 1188 2293 talium

197 2316 441 2347 conxixiorurn
468 2313 595 2346 assecla
620 2313 705 2345 solet
731 2324 814 2345 esse.
875 2311 968 2345 Huic
986 2313 1114 2354 gaudio
1130 2318 1190 2352 est,

197 2364 358 2399 luniiues
376 2378 435 2409 per
450 2364 680 2397 vinolentiam
702 2363 909 2396 infusorem
928 2371 1040 2402 actos,
1066 2363 1114 2395 sic
1134 2363 1187 2395 iu-

198 2425 248 2450 ter
270 2429 303 2449 se
328 2417 491 2448 eac-dibus
517 2423 547 2448 et
574 2415 670 2447 omni
692 2427 817 2457 genere
839 2415 1068 2447 immanitatis
1094 2427 1190 2447 com-

405 2467 477 2499 ll.›r
500 2467 548 2499 illi
567 2466 802 2510 spectaculum
819 2466 1114 2499 iucundissimum
1130 2471 1190 2503 est,

200 2520 225 2552 is
248 2519 291 2552 ita
312 2520 451 2551 alb-etos
471 2531 527 2549 ena
546 2525 574 2551 et
597 2519 647 2550 sui
669 2517 836 2561 impotes,
862 2517 991 2549 deinde.
1015 2529 1078 2549 sno
1095 2516 1190 2548 arbi-

199 2571 265 2603 trio
281 2583 349 2615 qun
369 2571 438 2602 xult
458 2570 551 2601 ducit
571 2583 606 2601 :ic
627 2568 793 2612 impellit,
820 2569 931 2600 ‹lunee
950 2568 1008 2600 alii
1033 2569 1075 2600 de
1093 2568 1188 2600 fene—

200 2631 267 2655 stra
303 2628 358 2654 aut
397 2633 456 2664 per
492 2622 618 2658 gradus
652 2620 815 2663 prolapsu
842 2619 1012 2652 cervicem
1049 2618 1190 2659 frangit,

198 2469 347 2501 mittere.

199 2674 306 2706 alium
333 2673 581 2705 trucidandum
607 2671 726 2703 obiicit
748 2671 879 2709 sodali,
907 2677 962 2703 aut
988 2671 1029 2703 ad
1049 2671 1187 2703 caedem
1214 2683 1217 2709 ι
1242 2668 1554 2713 amplectar-emitti.

854 84 1015 122 DECL.
1055 83 1130 121 DE
1164 83 1523 122 EBRIETATE.

2146 87 2220 122 180

1231 171 1428 206 faciendam
1447 170 1616 214 impellit,
1643 169 1702 203 alii
1719 171 1902 204 subitanea
1922 177 2054 212 morte,
2080 178 2141 206 aut
2158 172 2229 206 alio

1234 223 1400 268 quopiam
1434 221 1527 256 tristi
1553 228 1586 255 et
1618 221 1779 256 inaudito
1806 233 1889 254 casu
1918 222 2072 255 animam
2105 223 2230 259 aufert.

1234 273 1371 308 Omnes
1387 269 1566 306 horrendo
1585 283 1711 315 genere
1726 272 1786 306 leti
1808 272 1962 306 absumit
1981 280 2014 307 et
2029 274 2073 307 ad
2097 273 2230 307 inferos

1234 324 1376 368 abripit.
1439 322 1508 357 Hic
1533 323 1666 362 exitus,
1697 335 1761 357 nec
1785 323 1874 356 alius
1900 323 1979 356 finis
2004 331 2055 358 est
2084 324 2230 358 istarum

1234 373 1492 409 heluationum.
1546 373 1619 416 Qui
1636 373 1685 407 sic
1701 373 1845 417 periisse
1862 373 1973 415 volet,
2001 374 2061 408 ille
2078 387 2161 409 sane
2181 376 2232 409 eis

1235 438 1270 459 se
1294 425 1483 468 adiungat,
1508 436 1591 458 nam
1617 424 1743 457 melius
1766 425 1809 457 de
1825 437 1861 458 se
1886 437 1960 458 non
1975 427 2134 470 estquod
2153 437 2232 470 spe-

1236 483 1307 518 ret;
1343 476 1465 509 nullus
1491 475 1586 509 enim
1611 487 1733 508 eorum
1752 471 1899 509 honesto
1923 483 1983 509 aut
2001 477 2156 510 naturali
2173 488 2233 521 ge-

1236 540 1319 561 nere
1343 527 1468 560 mortis
1491 526 1688 564 occumbit,
1724 526 1844 560 nullus
1871 533 2016 560 naturae
2036 527 2233 572 reposcenti

1236 579 1390 612 animam
1408 578 1544 618 reddit,
1571 578 1630 610 sed
1656 583 1736 610 ante
1755 577 1847 610 diem
1865 588 1926 610 sua
1942 577 2009 622 ipsi
2027 590 2135 612 manu
2152 591 2234 612 cru-

1236 629 1363 663 deliter
1384 628 1628 673 perimuntur,
1660 628 1845 661 sanitatem
1870 629 2028 672 corporis
2049 637 2081 663 et
2104 629 2233 663 mentis

1237 686 1438 724 expugnant
1478 679 1613 723 poculis
1641 686 1673 712 et
1697 679 1828 712 cadunt
1853 686 1934 712 ante
1959 685 2096 723 tempus
2122 693 2140 713 a
2166 693 2233 714 na-

1236 738 1313 764 tura
1348 730 1573 775 praefinitum
1606 729 1810 774 turpissimo
1840 736 1873 763 et
1906 727 2073 764 horribili
2107 743 2234 775 genere

1238 781 1380 821 mortis,
1413 781 1473 826 qui
1498 787 1661 824 poterant
1689 781 1819 814 multos
1837 778 1953 814 adhuc
1972 793 2085 815 annos
2104 783 2234 823 vivere,

1237 839 1269 865 et
1285 832 1371 872 sibi,
1402 832 1544 876 suisque
1572 844 1611 865 ac
1626 830 1783 876 Reipub.
1811 833 1987 875 prodesse.
2041 830 2076 866 Ο
2094 845 2234 867 execra-

1237 883 1345 916 bilem
1364 882 1471 915 vitam
1486 894 1591 927 quam
1608 882 1769 926 exigunt!
1807 880 1842 916 O
1858 891 2008 916 mortem
2024 885 2136 919 multo
2154 896 2233 918 exe-

1238 933 1459 967 crabiliorem
1475 932 1481 966 !

1340 984 1494 1018 Miretur
1521 984 1650 1029 aliquis
1677 996 1782 1030 quam
1816 984 1870 1017 illi
1904 997 2024 1018 revera
2055 985 2173 1019 miseri
2201 993 2236 1021 et

1237 1035 1455 1069 miserabiles
1489 1032 1673 1076 homines,
1695 1034 1699 1038 ’
1719 1042 1823 1081 atque
1856 1035 1894 1068 in
1921 1037 2100 1070 neminem
2125 1036 2236 1080 magis

1238 1099 1343 1131 quam
1363 1087 1399 1119 in
1417 1086 1550 1130 seipsos
1576 1086 1734 1120 crudeles
1748 1113 1757 1127 ,
1796 1087 1937 1120 tandem
1957 1087 2175 1131 voluptatem
2195 1099 2236 1121 ex

1238 1137 1302 1171 ista
1319 1138 1395 1171 dira
1421 1143 1455 1170 et
1478 1137 1625 1170 immani
1649 1135 1853 1171 heluatione
1877 1137 2032 1181 capiant:
2069 1150 2150 1171 nam
2173 1149 2239 1181 gu-

1238 1196 1311 1222 stus
1335 1195 1444 1229 certe,
1479 1188 1541 1235 qui
1563 1199 1685 1222 sensus
1702 1189 1797 1221 solus
1819 1188 1898 1222 cibo
1919 1194 1952 1222 et
1974 1195 2059 1232 potu
2077 1189 2238 1231 afficitur,

1239 1239 1310 1271 illis
1339 1239 1407 1272 iam
1433 1238 1518 1272 olim
1545 1239 1667 1282 periit,
1707 1239 1737 1272 is
1768 1239 1862 1272 enim
1894 1239 2055 1272 coctione
2086 1240 2236 1280 sublata,

1240 1290 1360 1323 nullus
1384 1301 1456 1323 esse
1483 1296 1609 1333 potest.
1676 1288 1801 1323 Fames
1836 1301 1919 1322 vero
1947 1302 1985 1322 ac
2013 1290 2106 1331 sitis,
2147 1303 2237 1336 quae

1239 1341 1412 1385 optimum
1448 1340 1716 1373 condimentum
1748 1347 1851 1378 sunt,
1892 1351 1997 1384 quam
2031 1341 2236 1384 longissime

1240 1392 1369 1424 absunt
1391 1391 1435 1424 ab
1454 1391 1520 1423 eis:
1554 1388 1730 1424 EsurIunt
1748 1403 1932 1435 nunquam
1946 1417 1955 1431 ‚
1982 1391 2107 1425 sitiunt
2123 1393 2236 1427 multo

1240 1442 1376 1482 minus,
1409 1441 1628 1485 ingurgitant
1658 1448 1772 1474 tamen
1805 1439 1940 1481 adhuc,
1973 1449 2168 1487 urgentque
2197 1455 2237 1479 ac

1240 1499 1407 1538 torquent
1431 1492 1582 1536 seipsos,
1618 1493 1892 1536 regurgitantem
1918 1504 1980 1536 per
2002 1505 2040 1526 os
2061 1505 2099 1526 ac
2119 1494 2237 1528 fauces

1240 1550 1362 1588 potum
1388 1543 1633 1581 infundentes,
1661 1544 1773 1576 donec
1791 1544 1832 1576 ad
1855 1543 2000 1587 plenum
2020 1544 2121 1577 istam
2141 1545 2236 1579 cloa—

1241 1606 1314 1627 cam
1333 1594 1468 1638 poculis
1486 1595 1658 1638 expleant.
1711 1593 1817 1627 Nulla
1842 1601 1934 1628 certe
1950 1591 2035 1627 baec
2052 1596 2236 1631 delectatio

1243 1652 1355 1689 potest
1371 1657 1463 1685 esse,
1489 1646 1550 1678 sed
1570 1652 1637 1685 est,
1666 1646 1759 1689 quod
1774 1645 1890 1690 quivis
1904 1657 1986 1678 sana
2002 1654 2119 1680 mente
2136 1659 2240 1691 prae-¹

1241 1697 1335 1731 ditus
1353 1696 1538 1739 intelligit,
1565 1697 1771 1729 manifestus
1792 1709 1830 1729 ac
1847 1696 2044 1729 diabolicus
2061 1697 2172 1733 furor.

1341 1745 1455 1781 Divus
1478 1745 1689 1780 Ambrosius
1722 1747 1838 1780 ocium
1865 1747 1951 1781 dicit
1973 1759 2045 1781 esse
2069 1749 2238 1792 pulvinar

1241 1797 1410 1832 Satanae:
1453 1795 1501 1832 At
1529 1798 1679 1831 ebrietas
1715 1810 1787 1831 non
1820 1799 1926 1831 modo
1954 1799 2135 1842 pulvinar,
2175 1802 2236 1835 sed

1241 1849 1347 1882 molle
1371 1861 1409 1883 ac
1433 1849 1622 1882 delicatum
1649 1849 1764 1882 cubile
1790 1856 1839 1882 est
1858 1848 2027 1888 Satanae,
2060 1862 2235 1896 nusquam

1242 1901 1301 1934 ille
1320 1901 1423 1934 cubat
1440 1912 1478 1934 ac
1494 1900 1680 1945 requiescit
1694 1899 1874 1935 libentius.
1929 1900 2001 1942 Qui
2020 1901 2126 1944 igitur
2142 1900 2236 1938 hunc

1243 1952 1428 1985 convivam
1455 1958 1486 1985 et
1517 1951 1753 1985 convictorem
1783 1948 2148 1997 cohabstatoremque,
2183 1961 2238 1988 at-

1242 2015 1309 2048 que
1328 2003 1431 2036 etiam
1451 2003 1751 2036 condormitorem
1776 1999 1904 2035 habere
1927 2003 2042 2046 cupit,
2079 2003 2139 2036 ille
2157 2011 2236 2038 tan-

1243 2060 1316 2087 turn
1335 2051 1426 2087 banc
1451 2054 1481 2087 ei
1506 2055 1623 2086 sedem
1647 2059 1849 2098 praeparet,
1877 2053 2008 2087 credite
2027 2051 2134 2096 mihi,
2162 2068 2235 2090 non

1242 2105 1303 2138 diu
1331 2105 1461 2146 aberit,
1497 2105 1567 2138 vita
1595 2116 1633 2138 ac
1658 2104 1755 2138 factis
1791 2104 2003 2148 condignam
2039 2107 2235 2140 mercedem

1243 2156 1345 2190 etiam
1364 2157 1577 2190 redditurus.

1344 2205 1508 2241 Defessus
1526 2207 1593 2240 iam
1611 2218 1719 2250 prope
1735 2218 1811 2239 sum
1830 2206 1980 2239 dicendo
1996 2207 2039 2240 de
2054 2219 2089 2240 re
2105 2208 2236 2242 foedis-

1243 2258 1349 2297 sima,
1384 2266 1417 2292 et
1441 2271 1502 2291 vos
1528 2255 1620 2291 haud
1646 2257 1753 2290 dubie
1778 2258 1890 2291 multo
1915 2258 2020 2291 etiam
2042 2259 2152 2303 magis
2171 2272 2236 2293 au-

1243 2310 1373 2342 diendo
1397 2309 1520 2343 defessi
1545 2309 1642 2347 estis,
1677 2309 1781 2341 finem
1807 2309 1914 2351 igitur
1935 2309 2071 2344 faciam.
2131 2309 2183 2343 Ac
2207 2311 2235 2344 si

1243 2361 1335 2405 apud
1373 2373 1434 2394 vos
1470 2360 1644 2405 suscipere
1682 2372 1866 2404 personam
1899 2360 2086 2394 monitoris
2121 2373 2235 2395 meam

1244 2410 1333 2445 hauc
1347 2419 1494 2446 aetatem
1512 2424 1583 2445 nou
1602 2418 1759 2455 putarem
1778 2412 1963 2450 dedecere,
1991 2423 2052 2445 vos
2067 2409 2235 2447 adhorta-

1244 2476 1300 2496 rer
1316 2461 1584 2501 Adulescentes,
1611 2469 1647 2496 ut
1667 2463 1872 2495 ebrietatem
1890 2469 2055 2507 tanquam
2074 2463 2234 2497 omnium

1243 2515 1456 2556 flagitiorum
1479 2514 1722 2558 malorumque
1738 2514 1893 2547 fomitem
1923 2525 1961 2546 ac
1985 2514 2117 2547 fontem
2146 2515 2236 2549 vita-

1243 2566 1344 2604 retis,
1371 2566 1524 2599 sobriam
1548 2577 1630 2597 vero
1653 2565 1778 2603 vitam,
1805 2572 1840 2598 ut
1867 2564 2038 2597 xirtntnm
2063 2565 2237 2607 onmium,

1244 2615 1435 2651 honestatis
1465 2630 1503 2650 ar
1527 2616 1687 2649 sanitatis
1719 2615 1939 2657 magistram,
1972 2623 2236 2662 parentemque.

1609 2667 1689 2701 Scio
1713 2679 1775 2709 ego
1808 2679 1912 2712 quam
1946 2666 2076 2701 infame
2104 2675 2136 2702 et
2166 2668 2234 2702 iam
