2338 2958
76 142 151 177 633

77 232 233 273 pugnent
249 223 448 265 ardentius,
469 224 511 256 de
532 235 694 257 verarum
718 224 834 267 legum
851 222 1066 264 defensione,

77 279 157 324 quia
177 277 296 310 vident
313 275 351 307 in
369 281 465 308 tanta
484 275 686 309 infirmitate
712 272 888 313 humana,
914 274 951 306 in
969 279 1065 307 tanta

77 327 290 366 confusione,
318 337 437 359 earum
454 325 677 359 autoritatem
694 337 807 369 saepe,
834 332 909 358 tum
925 323 1065 367 negligi,

75 386 149 413 tum
166 376 332 422 opprimi.
387 375 470 410 Ideo
494 377 641 411 tradidit
656 376 751 410 Deus
774 373 929 408 humano
946 374 1065 418 generi

74 436 183 463 artem
215 427 418 472 politicam,
456 433 489 460 et
516 425 607 460 hanc
635 427 745 471 ipsam
773 427 989 465 doctrinam,
1025 432 1064 458 ut

74 484 244 526 quantum
276 484 407 522 potest,
442 478 615 511 sanabiles
641 475 801 510 homines
828 478 869 509 ad
895 476 1062 509 iustitiam

73 531 199 570 flectat,
226 536 259 562 et
275 530 424 562 iniustos
442 528 591 573 impetus
607 529 783 572 reprimat.
816 524 915 560 Nihil
933 527 1062 560 mirum

74 587 124 615 est
146 592 224 621 eos,
251 580 312 624 qui
338 580 502 622 ignorant
527 591 646 613 causas
672 576 796 611 harum
814 577 1062 610 confusionum

73 633 111 665 in
136 631 312 675 imperiis,
347 642 409 663 nec
434 630 634 663 didicerunt
663 641 702 661 ex
728 629 867 661 coelesti
891 628 1063 668 doctriua,

72 682 252 728 quomodo
287 681 518 714 confirmandi
553 686 634 713 sunt
668 679 797 719 animi,
837 676 1063 712 vehementer

72 733 187 768 odisse
204 732 374 776 imperia,
405 731 440 763 in
460 730 589 775 quibus
610 742 690 763 raro
709 730 795 763 boni
818 737 1003 773 praesunt,
1031 738 1062 763 et

72 790 112 818 ut
128 789 210 816 sunt
230 783 442 822 mediocres,
469 781 540 814 imo
560 781 643 814 boni
669 788 702 815 et
728 781 920 825 sapientes,
945 788 1059 814 t:unen

73 833 264 868 multitudo
291 840 341 866 est
364 832 511 865 varietas
536 832 776 875 negotiorum,
805 843 876 864 non
904 832 1062 864 concedit

73 885 141 926 eis,
166 891 202 918 ut
224 884 261 916 iu
278 883 396 917 omnia
415 882 485 916 sint
501 883 640 917 intenti.
680 882 825 926 Pompei
842 883 1008 915 iustitiam
1029 889 1062 915 et

72 935 305 978 integritatem
337 934 476 967 amabat
507 933 725 978 provinciae,
762 940 798 966 ut
831 946 909 965 cum
945 944 1060 966 secum

71 987 214 1020 duceret
236 985 366 1018 multos
389 996 528 1028 rapaces
551 984 713 1022 comites,
742 991 857 1017 tamen
880 982 941 1016 has
967 985 1061 1016 iuiu-

70 1037 139 1070 rias
163 1041 307 1080 propter
332 1033 613 1069 benevolentiam
639 1046 717 1078 erga
735 1034 941 1078 Pompeium
959 1035 1062 1067 dissi-

70 1086 257 1120 mularent.
316 1084 368 1118 De
393 1084 530 1119 Davide
561 1086 663 1119 etiam
690 1086 851 1130 querelae
880 1092 959 1118 sunt
988 1086 1061 1120 filii.

71 1137 236 1181 Denique
253 1136 405 1170 amentia
425 1137 528 1168 estin
547 1134 610 1169 hac
629 1143 775 1169 naturae
797 1134 971 1169 humanae
996 1136 1061 1168 im-

71 1188 278 1227 becillitate,
305 1194 337 1220 et
360 1187 396 1219 in
422 1194 516 1219 tanta
540 1187 672 1219 diaboli
698 1187 860 1227 saevitia,
895 1199 1061 1231 quaerere

71 1239 189 1272 animo
213 1238 372 1283 politiam
398 1238 474 1271 sine
501 1238 595 1271 vitiis
616 1244 648 1270 et
674 1238 749 1270 siue
771 1238 962 1271 erroribus.
1018 1237 1061 1271 ljt

70 1290 178 1333 igitur
194 1289 340 1333 imperia
359 1289 510 1321 oderunt
528 1286 574 1328 hi,
601 1289 660 1332 qui
678 1299 797 1321 causas
814 1289 1060 1321 confusionum

71 1341 252 1379 nesciunt,
288 1339 334 1372 ita
357 1345 390 1372 et
415 1339 507 1381 leges
535 1340 808 1382 adspernantur:
839 1351 917 1372 cum
941 1340 1061 1371 vident

71 1403 127 1424 eas
150 1390 272 1423 multis
297 1390 499 1432 ingentibus
523 1390 625 1422 malis
652 1402 723 1422 11011
742 1390 892 1430 mederi,
917 1397 949 1422 et
973 1387 1062 1422 lianc

71 1448 180 1475 totam
205 1440 402 1473 doctrinam
419 1440 510 1473 vitae
535 1440 696 1473 inutilem
721 1451 792 1473 esse
813 1447 978 1480 censent,
1004 1441 1062 1472 sed

72 1503 136 1525 nos
153 1497 272 1525 monet
289 1491 446 1524 coelestis
468 1491 647 1528 doctrina,
675 1491 760 1523 oriri
787 1492 913 1524 multas
939 1491 1062 1533 ingen-

71 1549 122 1576 tes
139 1541 362 1576 confnsiones
382 1541 490 1581 vitae,
517 1554 596 1575 cum
614 1554 632 1574 a
649 1542 809 1580 diabolo,
835 1548 909 1575 tum
928 1542 971 1574 ab
997 1539 1060 1573 bu-

72 1605 175 1626 mana
194 1593 247 1626 vel
271 1592 501 1635 negligentia,
532 1593 587 1625 vel
613 1592 818 1635 petulantia.
871 1591 942 1624 'Nec
963 1604 1062 1635 posse

71 1645 348 1687 gubernatorum
361 1642 516 1675 consiliis
534 1655 572 1676 ae
588 1643 722 1685 legibus
739 1642 885 1686 reprimi
902 1643 1061 1675 omnium

69 1695 225 1735 furores,
252 1700 311 1727 aut
327 1693 466 1736 corrigi.
520 1691 566 1726 Et
583 1700 697 1726 tamen
720 1694 812 1726 inter
830 1691 892 1726 has
910 1693 1062 1726 difficul-

71 1751 158 1780 tates
171 1757 245 1778 non
262 1755 334 1777 esse
354 1744 651 1787 gubernatoribus
670 1756 788 1777 curam
806 1745 1063 1788 deponendam,

70 1807 134 1829 nec
168 1795 330 1829 inutilem
361 1805 434 1827 esse
457 1806 578 1828 eorum
603 1795 839 1838 diligentiam:
875 1796 933 1827 sed
956 1806 1063 1839 quae-

71 1848 150 1879 dam
177 1846 285 1886 mala,
318 1845 374 1877 vel
404 1845 614 1889 reprimere,
646 1846 701 1877 vel
729 1845 900 1887 mitigare.
963 1844 1062 1878 lubet

71 1898 155 1931 item
175 1895 288 1930 Deum
315 1895 491 1935 invocari,
518 1903 557 1929 ut
572 1896 661 1929 adsit
683 1893 765 1928 huic
783 1895 994 1929 difficillimo
1011 1896 1062 1928 la-

70 1948 170 1987 bori,
197 1953 231 1980 et
253 1946 394 1991 quidem
416 1953 537 1980 monet
561 1947 635 1979 sine
659 1945 788 1979 auxilio
809 1944 893 1986 Dei,
917 1947 1062 1991 sapien-

70 1999 156 2033 tiam
179 1998 277 2031 illam
300 1997 479 2041 politicam
504 2009 604 2040 saepe
629 1995 859 2038 hallucinari,
885 2004 917 2030 et
937 1997 1062 2031 exitio-

72 2061 146 2083 sam
168 2060 240 2082 esse
259 2047 472 2083 civitatibus.
526 2048 643 2091 Quam
668 2048 771 2081 multi
795 2048 939 2081 summis
964 2049 1062 2092 inge-

72 2099 142 2134 niis
172 2091 338 2143 praediti,
372 2110 450 2132 cum
475 2100 616 2144 quidem
649 2099 780 2143 patriae
805 2099 894 2132 bene
921 2099 1063 2140 vellent,

28 2185 42 2191 ,,
72 2157 188 2185 tamen
212 2149 284 2184 suis
308 2149 466 2183 consiliis
490 2157 691 2184 everterunt
707 2149 865 2194 Respub.
883 2150 964 2195 quia
982 2150 1060 2184 freti

73 2213 133 2235 sua
160 2200 348 2245 sapientia,
382 2212 437 2234 res
461 2209 648 2235 moverunt
672 2213 744 2233 non
766 2201 994 2238 necessarias,
1024 2209 1063 2235 ut

71 2250 235 2289 Pericles,
262 2248 528 2292 Demosthenes,
556 2251 758 2296 Pompeius,
785 2250 918 2285 Cicero.
972 2251 1061 2285 Tota

72 2302 129 2334 via
146 2313 320 2342 erramus,
346 2303 374 2334 si
397 2302 472 2334 sine
488 2301 562 2336 Deo
586 2303 742 2336 foelicem
759 2314 830 2335 esse
855 2303 1060 2345 sapientiam

73 2353 298 2386 arbitramur.
352 2351 428 2385 Hac
454 2352 561 2395 igitur
585 2354 824 2387 consolatione
851 2365 914 2386 nos
935 2354 1061 2386 confir-

72 2415 226 2441 memus,
257 2403 458 2447 praesertim
478 2404 514 2436 in
538 2402 593 2437 his
611 2405 706 2438 orbis
729 2411 900 2438 terrarum
926 2405 1062 2448 pericu-

73 2454 136 2495 lis,
162 2461 195 2488 et
213 2454 353 2488 labante
369 2460 439 2487 tota
457 2455 581 2487 mundi
599 2453 772 2493 machina,
795 2456 944 2488 sciamus
961 2467 1061 2488 ruere

72 2516 126 2538 res
143 2502 332 2545 humanas,
359 2511 389 2537 et
409 2511 525 2538 tamen
544 2505 658 2538 fulciri
679 2504 770 2539 banc
784 2506 922 2539 ruinam
939 2519 956 2538 a
975 2505 1061 2547 Deo,

74 2563 108 2589 et
124 2555 237 2589 bonos
253 2557 346 2589 viros
363 2557 488 2589 debere
508 2568 571 2589 suo
591 2569 752 2601 quenque
771 2557 847 2589 loco
865 2557 997 2595 anniti,
1024 2565 1060 2590 ut

74 2605 209 2650 prosint
238 2607 418 2640 communi
444 2607 558 2642 saluti.
607 2606 701 2640 llaec
717 2608 752 2640 111
771 2608 963 2651 praesentia
979 2609 1060 2641 duxi

75 2658 378 2690 commemoranda
397 2669 478 2693 esse.
532 2658 619 2692 Nam
640 2656 727 2691 mibi
751 2659 930 2702 aspicienti
948 2659 1061 2700 legum

74 2707 204 2749 libros,
231 2714 263 2742 et
286 2709 423 2752 cognita
448 2709 602 2753 pericula
625 2708 855 2751 Germaniae,
883 2721 983 2755 saepe
1008 2717 1062 2744 to-

649 135 808 172 DECL.
841 134 918 171 DE
949 134 1281 172 DIGNITATE
1314 136 1529 174 LEGEM.

2034 141 2108 176 634

1120 231 1194 257 tum
1218 235 1344 269 corpus
1371 221 1602 265 cohorrescit,
1638 236 1716 257 cum
1741 231 1865 269 reputo
1894 233 2023 270 quanta
2049 226 2105 259 in-

1119 277 1302 308 commoda
1332 281 1521 318 sequutura
1553 275 1642 314 sint,
1677 276 1704 308 si
1739 275 1928 309 Germania
1964 284 2106 321 propter

1117 326 1208 358 bella
1226 326 1400 358 amitteret
1425 322 1515 357 hauc
1533 326 1706 359 eruditam
1726 327 1921 360 doctrinam
1940 328 2047 368 iuris,
2073 335 2107 361 et

1118 375 1184 409 hoc
1219 377 1335 409 curiae
1371 382 1631 410 ornamentum.
1691 377 1855 411 Crescent
1890 378 2107 424 tyrannides,

1117 434 1219 460 erunt
1238 438 1358 459 omnes
1374 426 1492 458 literae
1509 427 1543 457 in
1562 427 1693 459 maiore
1708 435 1966 472 contemptum,
1986 427 2106 462 Eccle-

1117 479 1186 511 siae
1204 478 1313 520 magis
1334 476 1572 518 negligentur,
1599 478 1752 522 denique
1771 480 1952 523 multiplex
1978 480 2106 513 barba-

1116 530 1184 562 ries
1200 536 1376 573 sequetur.
1431 528 1549 569 Quare
1572 528 1723 570 primum
1751 541 1889 562 oremus
1906 529 2040 567 Deum,
2068 537 2108 564 ut

1117 592 1233 624 pacem
1254 579 1355 612 nobis
1371 580 1548 618 concedat,
1575 578 1702 610 deinde
1719 586 1755 612 ut
1774 577 1855 611 haec
1874 582 1986 614 studia
2008 589 2106 615 tuea-

1117 639 1190 671 tur,
1218 631 1310 675 quod
1336 630 1478 674 quidem
1498 641 1538 661 eo
1560 629 1669 671 magis
1695 630 1978 673 impetrabimus,
2000 633 2027 664 si
2042 643 2108 664 nos

1117 682 1181 726 ipsi
1207 681 1352 713 consilia
1379 687 1496 713 nostra
1520 680 1670 712 fideliter
1695 681 1736 712 ad
1763 681 1908 723 gloriam
1932 681 1997 715 Dei
2022 683 2106 715 illu-

1115 733 1308 771 strandam,
1336 739 1366 764 et
1383 731 1529 763 salutem
1547 743 1768 763 communem
1788 732 1988 767 referemus.
2025 732 2106 766 Non

1116 784 1223 827 igitur
1239 784 1478 815 deterreamur
1503 782 1688 825 periculis,
1713 794 1785 814 non
1808 782 2012 825 frangamur
2027 784 2106 815 ani-

1117 835 1199 874 mis,
1228 833 1361 867 etiamsi
1391 833 1588 869 interdum,
1618 832 1670 864 vel
1699 832 1880 877 iniquitate
1910 831 2107 873 hominum,

1116 886 1169 918 vel
1204 883 1466 928 perturbatione
1500 883 1678 915 communi
1711 896 1826 916 rerum
1860 882 2107 924 humanarum,

1116 937 1191 979 pia,
1234 936 1430 974 moderata,
1474 934 1637 966 salutaria
1673 935 1818 967 consilia
1854 935 2107 978 impediuntur,

1116 1000 1178 1019 nec
1212 986 1462 1029 possessionem
1496 984 1603 1017 studii
1640 984 1749 1017 nostri
1780 986 1997 1026 deseramus,
2038 985 2106 1029 ipsi

1116 1037 1335 1081 praesertim,
1370 1048 1447 1068 cum
1477 1035 1576 1067 labor
1608 1035 1801 1068 multorum
1829 1036 1938 1069 nostri
1969 1036 2106 1069 ordinis

1116 1089 1150 1120 in
1173 1087 1329 1120 consiliis
1360 1086 1509 1129 publicis
1539 1086 1642 1118 etiam
1669 1084 1846 1118 Ecclesiae
1870 1087 1939 1119 Dei
1965 1087 2105 1127 serviat,

1115 1151 1219 1184 quain
1239 1151 1316 1171 cum
1334 1138 1428 1171 Deus
1451 1144 1650 1169 servaturus
1671 1137 1731 1176 sit,
1760 1138 1911 1170 servabit
1929 1144 1961 1170 et
1986 1138 2106 1181 politi

1116 1202 1169 1222 cas
1188 1189 1292 1221 arteis
1308 1187 1485 1221 Ecclesiae
1509 1188 1723 1219 servienteis.
1778 1186 1857 1220 Non
1886 1189 1965 1221 ideo
1989 1186 2105 1222 archi-

1115 1240 1284 1273 tectonica
1302 1240 1490 1271 (lcsercnda
1508 1245 1574 1277 est,
1601 1238 1735 1271 etiamsi
1755 1238 1884 1272 multae
1908 1251 2022 1280 arces,
2051 1239 2106 1271 vel

1117 1291 1289 1323 bellorum
1325 1289 1502 1325 cladibus,
1547 1289 1601 1321 vel
1633 1288 1711 1320 aliis
1744 1289 1859 1321 modis
1887 1297 2105 1324 evertuntur.

1116 1341 1286 1374 'l'uendae
1311 1347 1342 1373 et
1369 1340 1534 1372 colendae
1556 1346 1636 1373 sunt
1658 1340 1770 1371 bonae
1793 1347 1902 1375 artes,
1931 1347 1963 1373 et
1984 1347 2105 1385 peten-

1115 1393 1197 1424 dum
1215 1381 1342 1431 abeo,
1370 1397 1407 1422 ut
1425 1390 1497 1433 ipse
1523 1390 1693 1433 gubernet
1711 1390 1823 1422 studia
1837 1418 1844 1430 ,
1871 1398 1900 1423 ct
1918 1391 2029 1425 exitus
2047 1392 2105 1424 det

1115 1443 1219 1476 utiles
1236 1441 1411 1475 Ecclesiae
1429 1452 1520 1473 suae
1575 1440 1669 1483 Quid
1690 1440 1835 1481 Daniel,
1861 1439 2008 1482 Esdras,
2034 1441 2105 1474 Ne-

1116 1492 1247 1526 bemias
1266 1493 1383 1525 exules
1401 1492 1583 1524 fecerunt?
1611 1491 1770 1524 viderant
1791 1493 1980 1536 templum,
2009 1493 2103 1537 quod

1118 1544 1208 1577 Deus
1225 1543 1329 1575 condi
1348 1543 1512 1581 iusserat,
1540 1542 1701 1574 funditus
1719 1543 1870 1575 deletum
1890 1555 1979 1584 csse,
2007 1543 2105 1576 vide-

1116 1602 1193 1627 rant
1212 1595 1335 1626 urbem
1358 1593 1514 1635 reginam
1538 1593 1697 1624 omnium
1722 1593 1797 1625 solo
1821 1601 2021 1638 aequatam,
2048 1594 2105 1627 cui

1115 1645 1321 1689 promiserat
1338 1642 1434 1676 Deus
1461 1655 1623 1685 regnum,
1652 1655 1763 1687 neque
1786 1650 1902 1676 tamen
1928 1645 2027 1678 fracti
2045 1646 2105 1677 dc-

1115 1696 1331 1739 500111110110,
1358 1706 1418 1727 sua
1439 1694 1552 1727 studia
1571 1694 1788 1727 abiecerunt:
1826 1694 1894 1727 imo
1914 1708 1956 1727 ne
1979 1696 2016 1728 in
2032 1695 2104 1728 exi-

1115 1747 1182 1787 lio,
1209 1747 1292 1779 etin
1313 1757 1349 1777 ea
1371 1745 1483 1788 gentis
1505 1745 1750 1788 dissipatione,
1778 1746 1940 1778 doctrina
1964 1746 2104 1790 propria

1116 1795 1289 1829 Ecclesiae
1324 1796 1566 1835 interciderat,
1600 1796 1731 1827 maiore
1761 1808 1835 1828 eam
1863 1797 2045 1839 diligentia
2072 1804 2105 1830 et

1113 1847 1293 1879 discebant
1321 1854 1352 1879 ct
1373 1846 1443 1879 suis
1462 1847 1664 1885 tradebant,
1691 1853 1819 1879 norant
1838 1846 1930 1879 enim
1956 1860 2028 1880 non
2048 1847 2104 1879 in-

1114 1898 1293 1930 terituram
1311 1909 1382 1930 esse
1400 1895 1589 1930 Ecclesiam
1608 1896 1686 1933 Dei.
1740 1895 1790 1930 lta
1807 1904 1839 1930 et
1857 1909 1922 1930 1105
1941 1905 2019 1932 vota
2037 1910 2104 1931 no-

1114 1956 1183 1982 stra
1209 1955 1239 1981 ct
1273 1959 1350 1991 spes
1386 1955 1523 1981 nostras
1557 1948 1597 1979 ad
1623 1946 1814 1981 Ecclesiam
1839 1947 1905 1980 Dei
1929 1949 2102 1992 adiunga-

1114 2011 1210 2037 mus,
1241 1996 1331 2031 hanc
1357 1998 1576 2038 intueamur,
1611 2005 1642 2031 et
1668 1995 1732 2031 hac
1759 2010 1818 2042 spe
1841 2006 1957 2033 nostra
1985 2000 2101 2033 studia

1113 2050 1284 2083 colamus:
1312 2046 1397 2082 haec
1421 2049 1520 2082 navis
1547 2056 1579 2082 et
1602 2056 1757 2082 nostram
1775 2050 1969 2083 doctrinam
1986 2048 2102 2089 vehat,

1113 2108 1146 2134 et
1171 2097 1273 2133 vehet
1296 2097 1389 2133 haud
1418 2100 1543 2141 dubie,
1571 2100 1599 2132 si
1625 2112 1689 2132 nos
1716 2097 1806 2133 lianc
1829 2101 1949 2134 navim
1976 2113 2102 2134 ornare

1113 2151 1341 2185 studebimus.
1387 2150 1537 2184 Possunt
1556 2156 1669 2183 autem
1687 2151 1818 2194 optime
1834 2152 1958 2184 mereri
1975 2153 2017 2185 de
2033 2150 2103 2185 Ec-

1113 2202 1215 2236 clesia
1241 2202 1352 2235 nostri
1377 2201 1513 2234 or'dinis
1531 2201 1616 2234 viri:
1644 2214 1722 2234 cum
1743 2209 1875 2235 mentes
1902 2203 2103 2248 principum

1113 2267 1130 2286 a
1155 2253 1284 2298 quibus
1309 2253 1560 2292 consuluntur,
1593 2253 1635 2284 ad
1662 2265 1780 2285 curam
1808 2254 2021 2286 defendendi
2045 2254 2102 2297 pia

1113 2304 1246 2343 studia,
1274 2310 1306 2336 et
1326 2310 1416 2337 artes
1432 2304 1600 2336 salutares
1622 2300 1777 2335 humano
1802 2304 1921 2346 generi
1947 2305 2101 2339 flectunt.

1114 2355 1193 2389 Dixi
1218 2366 1325 2398 panca
1346 2355 1388 2386 de
1412 2353 1676 2397 professoribus.
1731 2354 1799 2387 Sed
1824 2354 2024 2400 priusquam
2042 2356 2103 2388 de-

1113 2407 1209 2443 sino,
1237 2405 1340 2438 etiam
1366 2402 1422 2437 1110
1446 2412 1564 2437 coetus
1589 2402 1815 2438 scholasticus
1840 2406 1883 2438 de
1905 2417 1968 2439 suo
1987 2406 2102 2439 officio

1113 2455 1479 2489 commonefaciendus
1503 2463 1569 2495 est,
1602 2467 1702 2498 saepe.
1727 2456 1762 2488 in
1793 2456 2025 2490 concionibus
2048 2469 2102 2489 sa-

1114 2508 1198 2545 cris,
1223 2519 1323 2550 saepe
1343 2507 1377 2538 in
1399 2507 1608 2539 lectionibus
1627 2513 1876 2550 proponuntur
1893 2507 1992 2541 vobis
2010 2508 2100 2539 dixi-

1113 2571 1176 2591 nae
1201 2558 1413 2597 sententiae,
1441 2559 1483 2589 de
1504 2557 1708 2601 disciplina,
1737 2560 1778 2589 de
1804 2559 1906 2590 bonis
1933 2559 2098 2590 moribus.

1113 2612 1154 2641 de
1172 2609 1292 2652 poenis
1310 2620 1397 2653 quae
1420 2609 1645 2641 violationem
1664 2609 1868 2652 disciplinae
1895 2615 2099 2653 sequnntur.

1114 2658 1158 2693 Et
1178 2672 1308 2703 poenae
1327 2666 1407 2691 sunt
1427 2659 1460 2691 in
1480 2667 1683 2702 conspectu.
1713 2659 1820 2692 Turci
1847 2660 1986 2701 impunc
2004 2670 2099 2700 gras-

1113 2718 1236 2745 santur
1259 2711 1293 2743 in
1318 2710 1464 2748 vicinia,
1500 2711 1682 2743 distractae
1709 2717 1787 2743 sunt
1814 2710 2009 2753 principum
2037 2721 2097 2741 vo-
