2338 2958
193 150 268 188 559

192 235 284 268 sicis.
337 232 420 266 ldeo
446 230 538 263 enim
563 226 732 260 Nisenns,
760 224 803 256 de
827 221 984 256 hominis
1008 221 1178 265 partibus,

194 287 336 327 longum
361 277 650 316 commentarium
676 275 798 308 edidit.
863 272 910 307 Et
940 284 1044 318 quam
1069 273 1181 305 multa

192 345 274 369 suut
291 337 326 367 in
349 333 426 366 aliis
449 327 691 374 physiologica
706 353 716 367 ,
742 337 820 358 cnm
845 325 1023 357 disserunt
1040 323 1082 355 de
1101 334 1181 366 par-

191 389 287 421 tibus
314 391 345 416 et
374 381 497 414 officiis
519 378 666 411 animae.
735 375 883 418 Quoties
908 375 944 406 in
969 373 1182 416 gravissimis

191 432 437 471 controversiis
468 428 693 471 theologicis,
733 426 921 460 dicendum
947 431 998 458 est
1029 425 1072 457 de
1101 435 1183 456 cau-

191 489 256 528 sis,
292 494 442 529 quarum
470 480 618 514 varietas
640 484 776 512 tantum
805 477 840 509 in
864 474 1023 521 Physicis
1047 475 1184 508 erudite
1207 496 1211 542 ί

483 539 486 542 ·
1208 555 1210 565 ,
1235 530 1309 566 gat,
1338 534 1402 556 nos
1417 534 1456 556 eo
1469 520 1710 555 vehementius
1725 523 1944 560 annitamur,
1965 529 2004 556 ut
2020 520 2087 556 hoc
2098 522 2221 557 Eccle-

192 537 355 570 traditur.

864 134 1024 172 DECL.
1068 134 1140 170 DE
1174 131 1549 170 POLYCARPO.

293 586 475 627 Quantum
508 582 613 615 refert
649 587 767 613 tenere
803 577 992 610 discrimen
1032 572 1210 619 partium'

194 637 349 675 animae,
376 646 454 667 cnm
484 638 577 666 tanta
602 631 644 663 sit
668 631 760 662 inter
785 640 842 660 eas
866 626 1059 664 discordia,
1085 635 1184 656 mens

192 688 320 721 retinet
345 687 455 727 legem
480 682 547 716 Dei
571 683 794 725 impressam,
827 683 999 710 monstrat
1016 675 1184 708 beneficia
1209 694 1211 719 3

192 739 278 776 Dei,
308 739 409 769 docet
432 734 634 777 impendere.
660 740 788 774 poenas
811 727 1060 761 contumaciae.
1114 725 1183 759 Sed

192 791 299 822 altera
317 799 397 832 pars
415 785 569 821 animae,
591 794 679 827 qnae
697 785 842 813 vocatur
858 777 1059 822 Appetens,
1086 775 1185 808 cuius

193 841 291 873 sedes
305 845 354 871 est
372 837 406 868 in
422 835 544 873 corde,
567 845 629 865 nec
648 830 823 864 beneficiis
839 834 1020 867 movetur,
1043 833 1083 860 nt
1099 837 1185 859 con·
1209 819 1213 873 l

194 898 326 924 stanter
352 893 441 919 amet
469 884 602 923 Deum,
636 894 699 915 nec
729 879 960 924 perhorrescit
983 888 1185 910 commone·
1210 900 1212 902 -

1210 929 1213 935 '
1238 926 1413 966 Ecclesia,
1446 927 1507 959 ubi
1542 927 1674 959 acriora
1703 934 1734 960 et
1763 928 1918 960 saeviora
1943 933 2024 960 snut
2049 927 2130 960 odia
2164 927 2228 959 ad-

192 944 282 974 sacta
299 936 487 971 horrendis
504 933 670 977 exemplis
687 931 847 965 omnium
861 936 1032 967 aetatum,
1060 935 1097 960 ut
1113 939 1186 959 me-

193 998 269 1026 tuat
294 989 407 1023 Deum
436 987 562 1019 iratum
585 996 623 1016 ac
646 983 832 1016 vindicem.

892 979 1040 1022 Quoties
1067 978 1186 1011 dicen-
1210 1010 1213 1015 .

194 1045 278 1075 dum
297 1047 344 1073 est
363 1040 406 1071 de
429 1037 615 1070 affectuum
632 1033 791 1067 fontibus
812 1038 845 1065 et
867 1030 1024 1063 sedibus:
1053 1036 1086 1062 et
1106 1040 1187 1061 eru-
1211 1071 1213 1076 ἲ

187 1093 265 1126 dite
290 1087 440 1124 discerni
467 1092 602 1131 oportet
631 1081 788 1130 στοργὰς
811 1094 828 1115 a
855 1080 991 1114 vitiosis
1018 1078 1185 1113 motibus.
1212 1107 1213 1127 3

194 1143 292 1177 Haec
316 1150 496 1184 nunquam
521 1138 640 1170 dextre
665 1133 852 1178 explicabit
876 1131 923 1169 is,
952 1130 1102 1176 quinon
1122 1131 1186 1163 ad-

193 1194 368 1228 suefactus
403 1196 453 1222 est
482 1188 524 1221 ad
560 1184 743 1231 Physicam
777 1182 993 1220 doctrinam,
1031 1191 1118 1225 qnae
1149 1180 1186 1212 in

196 1243 325 1279 scholis
340 1241 502 1275 traditur,
554 1235 725 1269 Videmus
742 1234 918 1267 interdum
935 1231 1038 1264 etiam
1055 1237 1187 1263 veteres

195 1295 382 1338 scriptores
411 1302 483 1323 non
510 1286 665 1331 plebeios
696 1283 840 1318 haerere
864 1283 899 1315 in
933 1280 989 1315 his
1020 1281 1187 1318 materiis,

195 1354 363 1389 tanquam
405 1341 442 1373 in
476 1340 570 1378 luto,
621 1344 764 1381 propter
799 1334 972 1367 inscitiam
1011 1329 1187 1376 Physices.

196 1395 345 1429 (mones
363 1393 399 1425 in
418 1389 573 1425 Ecclesia
597 1385 835 1421 controversia
861 1390 955 1417 mota
977 1388 1027 1415 est
1046 1383 1088 1414 de
1103 1383 1186 1416 sato.

195 1429 262 1479 liic
281 1444 364 1490 quid
385 1443 476 1475 dicet
489 1439 672 1484 imperitus
691 1436 874 1483 Physices,
895 1433 1074 1480 quomodo
1091 1433 1187 1465 labe-

196 1495 338 1531 factabit
371 1493 570 1528 Stoicorum
600 1496 660 1523 ant
693 1486 1009 1531 Peripateticorum
1046 1490 1188 1516 senten-

195 1549 279 1585 tias,
314 1556 399 1590 quas
424 1541 585 1586 ignorat?
629 1540 700 1573 Nec
728 1545 865 1572 tantum
888 1536 926 1570 in
950 1533 1005 1568 his
1024 1534 1188 1574 materiis,

195 1602 238 1632 de
258 1597 387 1642 quibus
404 1594 476 1627 dixi
496 1603 580 1625 usus
596 1597 645 1624 est
661 1587 847 1635 Physices,
873 1586 1000 1630 passim
1023 1585 1058 1617 in
1077 1585 1188 1628 expli-

196 1649 332 1683 catione
357 1643 515 1678 coelestis
538 1641 718 1675 doctrinae
743 1637 938 1672 incurritur
961 1636 998 1668 in
1026 1632 1188 1680 physicos

196 1701 309 1741 locos,
344 1696 404 1728 uhi
429 1704 593 1737 magnum
629 1690 883 1724 adminiculum
917 1693 966 1720 est
1002 1686 1186 1730 interpreti

198 1748 353 1793 cognitio
380 1744 506 1779 horum
533 1743 807 1780 elementorum,
832 1745 871 1773 ut
892 1735 1100 1773 architecto,
1128 1745 1187 1770 ant

198 1798 384 1843 sculptori,
418 1794 604 1829 mediocris
634 1791 803 1836 pingendi
836 1789 993 1823 facultas.
1061 1787 1187 1830 lugens

196 1859 246 1885 est
270 1853 517 1883 ornamentum
544 1843 736 1879 Ecclesiae,
772 1840 945 1879 eruditio,
980 1850 1068 1883 quae
1092 1851 1188 1871 com-
1214 1864 1215 1869 ,

195 1901 359 1948 plectitur
382 1910 453 1931 non
474 1902 608 1930 tantum
636 1894 826 1927 verborum
845 1890 1100 1933 cognitionem,
1128 1890 1185 1922 sed

196 1953 300 1987 etiam
319 1950 495 1995 quandam
519 1958 637 1980 rerum
656 1944 874 1977 varietatem.
929 1939 1016 1973 Nam
1036 1952 1099 1972 nec
1116 1940 1186 1972 sor-

196 2003 283 2038 mari
303 2000 471 2034 iudicium
497 2003 627 2042 potest,
654 1995 729 2027 sine.
750 1993 899 2038 quadam
923 2002 1041 2023 rerum
1059 1991 1188 2022 multa-

199 2067 276 2088 rum
303 2049 584 2084 consideratione.
612 2053 643 2079 et
663 2045 869 2081 collatione,
896 2053 959 2074 nec.
976 2040 1089 2074 oratio
1107 2053 1189 2073 ner-
1214 2045 1215 2049 ’

198 2116 259 2138 vos
283 2101 389 2136 hahet
413 2106 471 2133 ant
497 2099 588 2136 vim,
622 2097 688 2129 nisi
715 2107 753 2128 ex
787 2093 891 2127 honis
916 2093 1019 2125 rebus
1042 2092 1188 2126 oriatur.

196 2155 259 2190 Est
277 2153 370 2186 enim
390 2158 494 2184 notus
512 2148 679 2181 versicns:

251 2206 404 2238 Scribendi
424 2211 499 2233 recte
512 2227 519 2239 ,
548 2213 666 2241 sapere,
694 2208 736 2229 est
755 2206 782 2228 et
800 2199 980 2239 principium
1002 2204 1027 2225 et
1047 2198 1124 2228 tons.

197 2255 257 2290 Est
290 2255 395 2295 icitur
422 2259 454 2285 et
478 2249 626 2295 Physica
651 2249 809 2281 doctrina
842 2246 1124 2289 complectenda,
1159 2244 1186 2276 si

199 2308 359 2339 nolumus
379 2302 569 2337 Ecclesiam
591 2313 660 2333 non
686 2311 757 2331 esse
783 2297 1006 2330 ineruditam.
1068 2293 1188 2340 anue

199 2359 233 2391 in
254 2370 288 2390 re
307 2356 415 2387 multa
441 2353 542 2386 nohis
568 2351 783 2396 providenda
803 2355 895 2382 sunt.

199 2407 338 2449 ingenia
362 2418 432 2437 non
463 2401 647 2435 cohercent
681 2401 782 2433 certis
809 2399 910 2433 metis
932 2398 1186 2431 doctrinarum.

197 2456 505 2493 saciliusdeerrant
526 2467 542 2485 a
560 2453 634 2490 via,
662 2459 691 2484 et
705 2450 883 2483 difficilius
900 2449 1014 2481 smiari
1033 2455 1187 2492 possunt.

197 2509 278 2555 quia
308 2519 369 2539 nec.
405 2511 552 2540 norunt,
588 2515 651 2537 nec
675 2504 861 2534 observant
890 2501 998 2543 leges,
1037 2510 1122 2543 quas
1150 2499 1185 2530 in

196 2559 356 2593 docendo
392 2557 487 2599 sequi
528 2562 692 2598 tanquam
736 2563 895 2584 normam
939 2561 1076 2583 necesse
1120 2555 1187 2586 est,

197 2611 325 2643 deinde
347 2603 557 2652 ltypudwsos
583 2615 679 2636 veras
708 2616 779 2635 non
805 2608 937 2636 tenent.
1013 2600 1105 2632 llaec
1131 2600 1186 2631 in-

197 2659 378 2695 commoda
406 2657 432 2690 si
471 2657 579 2687 vitat-‹-
605 2655 785 2690 volumus,
827 2653 982 2696 profecto
1016 2650 1124 2683 excoli
1154 2657 1183 2682 et

195 2711 340 2756 expoliri
382 2707 519 2750 ingenia
550 2717 628 2737 vera
655 2705 852 2736 eruditione
881 2703 982 2735 valde
1009 2713 1097 2745 opus
1125 2708 1185 2735 est.
1209 2718 1213 2731 ·

1213 1874 1215 1881 t

1213 1921 1215 1930 t

1213 1962 1216 2033 l

1213 2110 1216 2133 l

1213 2138 1216 2155 1

1213 2199 1215 2228 ἶ
1242 2200 1377 2226 ctorum
1404 2194 1466 2225 nlli
1493 2195 1533 2225 ad
1553 2195 1750 2226 doce-ndum
1775 2195 2017 2228 admittantur.

952 2346 1087 2379 indocti
1106 2345 1186 2390 qnia
1214 2377 1215 2382 ,

2142 133 2216 170 560

1233 220 1363 263 Quales
1386 219 1522 252 furores
1545 218 1615 252 sint
1632 217 1965 263 Anabaptistarum‚
1993 221 2105 260 scitis,
2131 232 2219 266 qnos

1233 272 1375 316 quidem
1395 269 1619 303 manifestum
1643 277 1693 303 est
1712 276 1847 303 tantum
1872 273 1914 305 ab
1931 271 2106 305 illiteratis
2123 278 2220 305 ortos

1234 330 1263 354 et
1284 327 1491 365 propagatos
1508 331 1589 353 esse.
1643 320 1679 353 Si
1698 319 1803 363 igitur
1821 321 1939 354 lumen
1956 322 2165 355 eruditionis
2183 322 2221 354 in

1233 371 1388 405 Ecclesia
1405 371 1596 404 extinctum
1614 370 1740 414 fuerit,
1774 371 1897 403 deliria
1917 373 2140 406 exorirentur
2161 386 2222 405 va·-

1234 423 1305 462 ria,
1331 428 1370 454 nt
1395 428 1494 454 antea
1521 421 1658 454 accidit.
1712 420 1759 454 At
1783 421 1958 465 principes
1973 422 2089 456 fovere
2107 423 2223 457 studia

1236 473 1415 505 literarum
1439 472 1613 516 oportuit:
1646 471 1704 504 sed
1735 483 1813 504 cnm
1835 483 1963 516 paucos
1985 473 2027 505 εδ
2046 484 2126 506 cura
2144 480 2223 507 tan—

1237 576 1305 607 siae
1326 575 1449 614 decus,
1475 581 1644 618 qnantum
1670 584 1872 616 possumus,
1906 580 2076 606 tueamur.
2128 572 2224 607 Haec

1238 624 1378 668 propria
1401 631 1451 657 est
1473 624 1610 657 ordinis
1637 623 1747 656 nostri
1772 623 1916 664 militia,
1949 635 2052 668 quam
2081 623 2223 668 quidem

1237 683 1269 708 et
1291 675 1472 708 adiuvabit
1502 673 1613 714 Dens,
1647 680 1680 707 et
1709 674 1851 707 ornabit
1875 674 2055 717 praemiis,
2089 673 2226 707 etiamsi

1238 725 1449 768 negligimur
1473 737 1490 758 a
1517 723 1723 768 Centauris,
1757 731 1787 757 et
1811 736 1930 769 aspera
1953 725 2063 757 multa
2080 725 2225 758 serenda

1238 783 1354 810 erunt.
1406 775 1474 809 Sed
1498 776 1592 808 scitis
1616 773 1682 808 hoc
1707 775 1846 808 virtutis
1865 786 1994 808 munus
2016 786 2107 815 esse,
2133 781 2226 808 recta

1237 827 1349 859 facere
1360 852 1369 865 ‚
1395 827 1558 868 prodesse
1573 825 1734 864 caeteriS,
1762 826 1896 858 etiamsi
1911 827 2034 868 vulgus
2050 826 2093 859 sit
2109 825 2228 869 ingra-

1238 884 1325 911 tum.
1379 875 1436 909 Sic
1452 877 1675 909 confirmatos
1693 888 1764 909 esse
1787 883 1923 920 oportet
1945 876 2094 909 maxime
2109 887 2174 909 nos
2190 876 2227 908 in

1240 990 1358 1011 versus
1382 978 1471 1010 hene
1488 984 1668 1010 merentes.
1721 978 1820 1019 Quae
1836 978 1944 1021 gratia
1962 975 2102 1016 Esaiae,
2130 976 2227 1010 lere-

1239 1029 1329 1062 miae
1354 1029 1462 1062 relata
1488 1035 1538 1061 est
1561 1040 1624 1072 pro
1649 1028 1796 1060 summis
1820 1035 1852 1061 et
1877 1028 2007 1060 divinis
2030 1027 2230 1060 beneficiis?

1238 1079 1376 1112 Horum
1399 1090 1462 1111 uos
1480 1079 1646 1123 exemplis
1674 1079 1862 1112 excitemus
1889 1080 1930 1111 ad
1958 1078 2145 1112 salutarem
2164 1080 2229 1111 do—

1240 1131 1387 1163 ctrinam
1418 1131 1693 1162 conservandam
1728 1129 1941 1172 posteritati,
1969 1141 2008 1162 ac
2037 1135 2230 1162 statuamus

1239 1180 1353 1214 Deum
1379 1192 1441 1213 suo
1467 1179 1598 1222 agmini
1626 1191 1696 1211 non
1717 1180 1917 1212 defuturum
1948 1191 2038 1219 esse,
2066 1191 2130 1212 nec
2148 1191 2231 1223 per-

1240 1231 1447 1270 missurum,
1480 1237 1518 1263 nt
1541 1230 1702 1262 funditus
1726 1231 1883 1263 deleatur
1915 1229 2071 1263 coelestis
2097 1230 2230 1263 doctri-

1240 1293 1296 1313 na.
1349 1280 1424 1313 llac
1439 1292 1499 1325 spe
1517 1292 1580 1312 nos
1597 1281 1632 1312 in
1659 1277 1712 1312 liis
1735 1280 1932 1317 aerumnis,
1967 1293 2055 1325 quae
2075 1288 2228 1314 nostram

1241 1331 1403 1365 militiam
1440 1331 1672 1371 comitantur,
1714 1338 1948 1364 sustentemus
1981 1338 2084 1376 atque
2118 1332 2230 1374 eriga-

1241 1393 1330 1416 muS.
1381 1381 1474 1416 Dixi.

1270 1498 1283 1500 e
1459 1495 1484 1506 .,
1551 1496 1621 1499 u„
1723 1496 1750 1500 μ
1823 1497 1838 1500 -
1891 1497 1923 1501 ἢ
2077 1498 2228 1503 --Q

1254 1575 1319 1609 Nn,
1339 1575 1399 1608 70.
2053 1591 2098 1609 an.
2127 1581 2217 1613 1542.

1247 1622 1417 1635 vm
2051 1625 2222 1638 Μ

1542 1673 1618 1714 De
1659 1673 1930 1730 Polycarp0.

1313 1751 1340 1777 ln
1355 1750 1552 1790 Declamatsl'.
1570 1752 1600 1777 ll.
1619 1762 1644 1786 p.
1660 1753 1735 1784 3⁴2„
1761 1753 1786 1778 in
1807 1754 1923 1780 Servest.
1940 1754 1972 1780 ll.
1993 1764 2019 1790 p.
2035 1754 2094 1781 366.
2114 1760 2139 1780 et
2158 1756 2229 1788 apud

1345 1786 1472 1812 tinebant.
1492 1786 1552 1810 Nol.
1569 1786 1613 1812 ΙΙΙ.
1631 1797 1655 1820 p.
1672 1787 1731 1813 708.

1242 1865 1368 1898 Oratio
1397 1862 1444 1897 de
1480 1865 1763 1909 Polycarp0‚
1807 1867 1984 1910 Episcopo
2013 1869 2231 1913 Smyrnaeo,

1241 1913 1371 1949 laabim
1404 1926 1427 1948 a
1463 1916 1510 1950 D.
1541 1918 1751 1960 Casparo
1791 1919 2056 1963 crucigero.
2126 1921 2231 1955 Anno
2262 1912 2270 1918 ⁵

1512 1968 1773 2010 1¹1.1)..t·1⁴11.,
1811 1969 1872 2002 11'.
1893 1970 1960 2002 lut.

1243 2034 1362 2073 Vetus
1385 2047 1435 2073 est
1460 2039 1634 2074 Ecclesiae
1659 2039 1790 2075 Christi
1818 2044 2032 2076 consuetudo
2062 2050 2091 2076 et
2120 2041 2231 2077 histo-

1242 2091 1373 2123 riarum
1404 2098 1434 2124 et
1461 2104 1635 2124 canonum
1667 2094 1904 2126 monumentis
1935 2094 2156 2135 confirmata,
2188 2106 2231 2128 nc

1242 2143 1316 2174 sine
1333 2142 1473 2186 publico
1491 2143 1692 2176 testimonio
1710 2143 1848 2186 piorum
1871 2151 1900 2176 et
1921 2145 2148 2187 probatorum
2167 2147 2232 2178 do-

2073 2195 2142 2229 Nee
2164 2198 2230 2230 du-

1243 2244 1314 2275 bito
1337 2242 1429 2276 hunc
1448 2256 1579 2276 morem
1600 2257 1616 2275 a
1637 2243 1797 2277 l’atrihns
1821 2252 1850 2277 et
1872 2243 2058 2289 Prophetis
2080 2258 2141 2290 per
2156 2259 2231 2280 ma-

1242 2307 1308 2326 nus
1327 2295 1494 2327 traditum
1515 2307 1586 2327 esse

1345 2345 1420 2377 lloc
1444 2345 1590 2377 consilio
1615 2357 1678 2377 uos
1697 2358 1837 2390 qnoque
1865 2344 1953 2379 lianc
1974 2347 2148 2391 publicam
2165 2360 2229 2380 no-

1241 2397 1301 2428 stri
1329 2396 1447 2428 iudicii
1471 2396 1772 2428 renunciatimwm
1800 2397 2008 2435 retinemus,
2035 2410 2139 2443 qnam
2156 2398 2230 2431 sive

1241 2448 1406 2488 gradum,
1433 2447 1505 2479 sive
1522 2447 1622 2478 aliu-c
1639 2447 1817 2491 adpellare
1840 2448 1898 2480 alii
1918 2449 2053 2486 volent,
2082 2460 2152 2481 non
2173 2460 2230 2481 re-

1242 2499 1422 2541 pugnabo,
1456 2498 1561 2529 modo
1581 2505 1714 2531 constet
1740 2498 1851 2541 ipsum
1871 2510 2023 2533 morem.
2053 2499 2078 2531 si
2099 2499 2229 2533 accedit

1241 2549 1432 2592 exploratio
1455 2549 1653 2584 doctrinae,
1680 2556 1709 2581 et
1732 2549 1765 2581 in
1788 2549 1974 2581 indicando
1998 2549 2167 2591 graxitas,
2192 2562 2230 2584 ae

1243 2600 1275 2631 in
1309 2599 1509 2631 testimonio
1542 2600 1644 2636 tides,
2183 2599 2228 2635 t't

1240 2650 1332 2682 euim
1354 2650 1481 2683 l'anlns
1503 2650 1615 2681 cau-ri
1637 2650 1751 2686 iussit,
1783 2662 1825 2682 ne
1841 2650 2053 2694 qnilmslilwt
2074 2652 2149 2684 sine
2167 2654 2228 2683 de-

1241 2702 1329 2733 lettn
1363 2714 1486 2733 manns
1517 2701 1761 2745 imponantur?
1799 2701 1842 2734 ita
1875 2704 2121 2744 praestandum
2146 2708 2228 2741 erat,

1683 2597 1855 2632 Ecclesiae
1885 2599 2005 2631 utilem
2039 2611 2119 2633 esse.
