2338 2958
39 129 113 166 781

40 225 132 253 esse,
166 219 206 247 ut
234 209 346 255 ignari
371 209 617 245 exercitiorum
645 211 748 252 fidei,
781 210 941 246 nesciunt
971 222 1029 244 ac-

40 263 289 310 quiescendum
316 272 387 294 esse
410 261 447 294 in
470 261 554 306 ipsis
577 262 887 307 promissionibus,
914 268 947 296 et
969 273 1029 295 ex-

38 313 244 360 pectandam
275 323 348 345 esse
376 312 632 355 mitigationem
666 313 860 354 malorum,
901 312 1028 346 fiducia

38 362 298 399 misericordiae
316 361 384 396 Dei
401 362 437 395 in
456 363 750 407 promissionibus
767 371 937 398 ostensae.
983 360 1029 396 Et

37 411 178 448 ethnico
202 425 300 446 more
323 413 404 446 satis
422 425 493 446 esse
512 420 656 457 putant,
684 414 712 447 si
729 426 844 447 mores
860 413 1029 447 mediocri

37 463 224 508 disciplina
240 471 379 507 regant,
416 464 557 497 interim
575 465 678 498 corda
701 471 781 498 sunt
800 465 876 497 sine
901 464 968 497 fide
995 470 1029 497 et

35 515 139 560 plena
157 514 389 549 dubitatione.
433 514 529 557 Quid
541 515 671 554 dicam,
695 515 897 558 intelligunt
913 515 1026 548 bonae

36 571 171 600 mentes
189 576 262 598 non
279 564 426 598 omnino
446 566 550 598 rudes
566 565 810 598 exercitiorum
826 563 918 597 fidei.

138 615 196 649 Ad
215 613 309 649 hunc
335 615 442 659 igitur
458 615 562 648 finem
588 615 692 648 lectio
711 622 743 648 et
760 615 918 648 doctrina
937 615 1028 648 refe-

37 673 177 707 rantur,
203 672 242 699 ut
266 666 303 699 in
328 666 450 706 nobis,
478 677 558 699 cum
583 665 822 699 consolatione
849 665 1028 708 erigimur,

35 716 75 750 in
94 728 175 750 vera
197 716 434 760 poenitentia,
460 722 493 749 et
517 715 553 748 in
572 716 737 749 omnibus
757 716 943 760 periculis,
970 728 1027 749 ac-

0 764 3 805 ;’
36 768 208 801 cendatur
224 767 326 808 fides,
348 773 382 800 et
397 763 610 800 inchoentur
626 767 696 800 vita
715 773 747 800 et
764 766 896 800 iustitia
915 773 1026 800 aeter-
1051 773 1053 786 ²

2 851 3 854 ,
37 830 101 860 na,
128 818 217 852 sicut
242 818 410 862 scriptum
434 823 502 850 est:
529 815 625 850 Haec
643 823 694 851 est
717 817 785 850 vita
804 824 961 858 aeterna,
988 823 1028 851 ut

0 874 2 880 '
35 875 226 911 agnoscant
237 874 269 902 te
284 868 397 901 solum
415 878 486 900 esse
500 879 622 901 verum
634 866 768 906 Deum,
796 874 828 902 et
839 880 943 913 quem
959 867 1027 901 mi-

35 919 110 953 sisti
133 918 246 953 Iesum
263 930 334 951 esse
351 915 544 952 Christum.

137 969 335 1004 Audivistis
351 969 609 1003 enarrationem
631 969 715 1003 dicti
732 968 891 1002 Paulini:
925 967 1027 1002 Nunc

35 1031 98 1054 vos
122 1017 294 1054 adhortor
312 1027 345 1053 et
371 1020 526 1053 obtestor
551 1026 694 1064 propter
713 1020 861 1063 gloriam
879 1018 966 1060 Dei,
994 1026 1028 1053 et

35 1072 183 1104 salutem
207 1068 402 1111 Ecclesiae,
432 1077 471 1104 ut
494 1067 576 1104 huic
603 1070 725 1103 divino
748 1077 931 1114 praecepto
963 1070 1027 1102 ob-

0 1139 1 1144 =
35 1121 255 1166 temperetis,
291 1127 323 1154 et
348 1121 384 1153 in
408 1121 534 1155 studiis
559 1120 683 1154 vestris
709 1117 800 1153 hanc
823 1131 1028 1153 commone-

0 1175 1 1214 ]
34 1172 223 1205 factionem
241 1171 456 1216 sequamini,
484 1177 521 1204 ut
534 1177 566 1204 et
580 1171 701 1214 legatis
716 1170 825 1204 libros
836 1182 967 1210 sacros,
992 1176 1027 1203 et

35 1222 120 1256 inde
143 1222 340 1256 doctrinam
358 1221 529 1265 integram
546 1219 722 1254 Ecclesiae
745 1221 907 1261 sumatis,
932 1232 1027 1254 eam-

0 1288 1 1291 *
35 1285 104 1319 que
120 1284 296 1313 exercere,
324 1272 361 1305 in
379 1271 603 1305 consolandis
618 1271 716 1305 vobis
735 1278 767 1305 et
782 1271 860 1304 aliis
875 1271 1025 1304 discatis.

137 1323 279 1356 Nullius
302 1323 353 1356 rei
376 1334 477 1363 cura,
511 1322 631 1355 nullus
655 1322 774 1362 labor,
809 1322 845 1354 in
871 1319 935 1355 hac
953 1328 1026 1355 tota

35 1374 108 1407 vita
123 1373 262 1413 utilior,
289 1380 348 1406 aut
366 1373 476 1416 magis
494 1372 707 1405 necessarius
726 1378 793 1412 est,
820 1384 924 1417 quam
943 1369 1026 1405 haec

35 1424 217 1458 doctrinae
232 1423 388 1457 coelestis
400 1423 598 1460 meditatio,
626 1435 715 1468 quae
731 1429 764 1456 et
781 1429 912 1455 certum
926 1434 1026 1465 prae-

35 1475 166 1508 sidium
186 1481 237 1508 est
261 1474 352 1508 vitae
370 1473 578 1517 praesentis,
605 1480 638 1507 et
654 1473 769 1506 aditus
787 1479 838 1506 est
855 1474 897 1505 ad
914 1480 1026 1507 aeter-

35 1537 117 1559 nam
141 1525 288 1558 salutem
301 1549 309 1562 ,
337 1531 374 1557 ut
388 1523 518 1558 Paulus
535 1523 668 1568 inquit,
701 1521 934 1566 Evangelium
954 1535 1026 1556 esse

35 1575 228 1620 potentiam
244 1575 310 1609 Dei
335 1575 379 1607 ad
402 1575 549 1608 salutem
564 1573 661 1607 omni
680 1574 846 1608 credenti.

138 1625 207 1660 Sed
223 1625 489 1669 patrocinantur
504 1624 613 1669 aliqui
628 1635 708 1657 suae
724 1623 901 1667 ignaviae,
921 1629 955 1657 et
971 1635 1026 1656 sa-

35 1677 80 1711 tis
104 1687 176 1710 esse
202 1676 344 1717 dicunt,
377 1676 482 1709 semel
505 1682 609 1720 atque
634 1675 761 1708 iterum
780 1674 893 1717 legere
911 1685 1026 1707 sacros

34 1728 162 1768 libros,
203 1726 340 1771 saepius
371 1726 491 1760 eadem
523 1726 694 1769 relegere,
736 1725 849 1758 videri
883 1725 1026 1758 inanem

35 1775 287 1824 βαττολογιάν
312 1788 394 1810 esse.

139 1826 281 1862 Utinam
302 1825 405 1860 multi
421 1826 491 1860 sint
512 1826 572 1871 qui
589 1826 694 1859 semel
711 1832 814 1870 atque
831 1824 959 1858 iterum
978 1824 1026 1858 ita

37 1878 154 1922 legant
181 1888 303 1911 omnes
341 1877 450 1910 libros
480 1874 704 1921 propheticos
732 1882 766 1909 et
795 1875 1026 1919 apostolic05‚

36 1935 76 1963 ut
91 1940 227 1969 veram,
255 1927 429 1968 nativam,
454 1934 487 1960 et
504 1927 742 1969 incorruptam
765 1926 971 1959 sententiam
990 1926 1027 1958 in

36 1979 123 2013 locis
148 1978 345 2023 praecipuis
378 1984 410 2012 et
433 1978 656 2021 dogmatibus
679 1982 822 2011 teneant
845 1982 880 2010 et
901 1977 1027 2010 memi-

37 2030 169 2064 nerint.

140 2079 193 2114 Ne
225 2089 288 2122 ego
322 2078 464 2124 quidem
497 2076 639 2122 requiro
673 2078 913 2121 scrupulosam
943 2077 1028 2110 dili-

37 2130 190 2175 gentiam
214 2129 252 2162 in
274 2129 419 2162 minutis
442 2129 563 2168 rebus,
597 2128 672 2161 sine
697 2127 826 2172 quibus
855 2127 1027 2162 certitudo

37 2183 262 2225 dogmatum,
287 2191 348 2213 seu
363 2179 590 2213 articulorum
607 2178 706 2216 fidei,
733 2179 886 2223 conspici
913 2185 1028 2212 tamen

38 2239 171 2277 potest,
198 2231 244 2264 sit
258 2230 352 2263 enim
368 2229 543 2263 enarratio
560 2229 704 2272 analoga
722 2229 822 2269 fidei,
848 2237 885 2264 ut
898 2228 1029 2262 Paulus

38 2282 174 2327 inquit,
201 2287 235 2315 et
253 2278 344 2314 hanc
369 2292 530 2314 normam
549 2280 743 2320 intuentes,
779 2279 1028 2324 proprietatem

40 2331 212 2367 sermonis
223 2329 380 2364 adhibita
398 2332 619 2371 dexteritate,
643 2341 847 2375 sequamur,
874 2337 907 2364 et
921 2330 1030 2364 assint

39 2395 139 2418 arnor
169 2382 343 2420 veritatis,
380 2388 414 2415 et
444 2382 594 2421 candor,
628 2393 691 2414 nec
726 2388 908 2425 propterca
940 2386 1029 2414 totas

508 121 664 161 DECL.
704 124 778 162 DE
813 123 1013 162 DICTO:
1051 125 1136 162 SIS
1175 124 1480 164 INTENTUS
1513 138 1597 166 Ere.

1998 134 2071 171 782

1080 217 1119 245 ut
1134 208 1389 246 Demosthenes
1404 213 1510 248 dixit:
1537 213 1618 248 Non
1637 214 1672 248 in
1691 228 1731 249 eo
1749 217 1937 261 periclitari
1957 218 2068 253 Grae-

1081 262 1153 295 ciae
1169 263 1335 303 salutem,
1363 263 1391 296 si
1411 276 1554 298 manum
1575 263 1642 299 huc
1660 267 1713 300 vel
1730 267 1813 301 illuc
1829 270 1982 302 verterit.

1183 312 1252 346 Sed
1277 313 1432 356 profecto
1457 315 1686 358 vituperanda
1714 325 1763 352 est
1788 320 1986 362 arrogantia
2010 332 2069 352 eo-

1080 374 1178 402 rum,
1205 362 1265 407 qui
1278 369 1412 397 tantum
1430 364 1579 407 ingeniis
1595 368 1794 409 confidunt,
1816 375 1856 403 ut
1871 368 2069 403 exhausisse

1080 424 1115 446 se
1148 413 1353 456 sapientiam
1388 414 1592 448 divinorum
1637 417 1809 452 librorum
1851 420 2069 459 existiment,

1079 469 1265 507 postquam
1283 474 1340 496 eos
1358 463 1413 497 bis
1431 471 1489 498 aut
1507 472 1557 498 ter
1575 467 1807 510 perlegerunt.

1178 511 1356 547 Ecclesiae
1391 515 1550 548 doctrina
1585 517 1628 549 de
1660 519 1780 552 multis
1806 520 1940 563 magnis
1966 521 2068 554 rebus

1079 563 1327 603 concionatur,
1354 576 1442 608 quae
1460 577 1532 599 non
1551 567 1666 599 subito
1684 569 1822 611 penitus
1838 569 2069 614 comprehen-

1079 614 1115 647 di
1142 621 1305 658 possunt,
1340 615 1467 648 deinde
1489 623 1522 650 et
1544 616 1671 650 instrui
1693 626 1826 653 mentes
1841 627 1997 663 oportet,
2023 623 2066 654 ad

1078 665 1263 698 refutanda
1279 665 1362 698 falsa
1378 666 1550 710 dogmata.
1593 666 1639 702 Ut
1651 675 1766 702 autem
1783 681 1878 703 arma
1895 671 1931 703 in
1948 683 2067 714 prom-

1077 722 1140 759 ptu
1166 712 1313 757 habeas,
1347 728 1485 750 necesse
1511 723 1560 751 est
1586 718 1806 753 familiariter
1828 732 1929 754 nosse
1952 733 2067 755 sacros

1078 766 1197 799 libros.
1257 765 1440 801 Praeterea
1463 767 1673 803 unicuilibet
1702 770 1868 814 privatim
1895 783 1983 815 opus
2009 779 2069 813 est,

1078 817 1122 850 ad
1149 828 1230 849 snae
1255 816 1334 850 fidei
1359 818 1684 860 confirmationem,
1718 821 1838 854 crebra
1858 822 2068 865 repetitione

1079 878 1199 900 eorum
1216 867 1518 910 testimoniorum,
1544 882 1632 914 quae
1649 871 1851 914 planissima
1870 878 1902 905 et
1917 872 2067 906 maxime

1078 917 1260 962 perspicua
1282 925 1375 952 suut.
1435 917 1491 953 Ad
1517 916 1601 953 haec
1622 921 1738 954 omnia
1755 934 1843 966 opus
1863 929 1912 956 est
1930 923 2068 955 assidua

1078 968 1240 1002 lectione,
1295 968 1455 1014 Cumque
1473 977 1607 1004 mentes
1623 968 1799 1005 humanae
1816 973 1888 1006 sere
1910 972 2068 1017 quotidie

1079 1018 1181 1051 novis
1197 1019 1312 1052 modis
1328 1027 1594 1063 oppugnmtur,
1621 1021 1772 1054 subinde
1794 1023 1895 1056 novis
1912 1035 2068 1056 commo-

1077 1069 1336 1102 nesactionibus
1363 1077 1502 1113 pectora
1520 1071 1712 1105 munienda
1730 1079 1820 1106 sunt.
1873 1071 1919 1106 Et
1937 1073 2068 1107 abeunt

1078 1118 1191 1153 studia
1210 1119 1246 1151 in
1261 1131 1388 1156 mores,
1442 1120 1560 1163 Quare
1577 1122 1686 1154 animi
1704 1134 1842 1164 eorum,
1869 1123 1930 1168 qui
1946 1123 2068 1157 lectio-

1078 1181 1121 1202 ne
1139 1169 1277 1203 assidua
1303 1171 1512 1212 excitantur,
1540 1172 1650 1215 magis
1666 1173 1856 1207 flectuntur
1879 1175 1922 1207 ad
1938 1174 2069 1218 cogita-

1077 1220 1208 1254 tionem
1227 1220 1269 1253 de
1286 1218 1382 1264 Deo,
1409 1228 1442 1254 et
1456 1222 1499 1254 ad
1516 1223 1674 1255 omnium
1693 1223 1864 1257 virtutum
1884 1225 2008 1258 officia.

1178 1268 1341 1314 Denique
1363 1282 1570 1305 moveamur
1597 1271 1698 1305 Pauli
1719 1273 1831 1315 dicto,
1866 1275 1926 1320 qui
1953 1272 2011 1308 hic
2034 1281 2066 1309 et

1077 1320 1305 1354 attentionem
1342 1327 1375 1354 et
1399 1322 1638 1356 assiduitatem
1668 1324 1853 1368 praecipit,
1889 1337 1967 1358 cum
2000 1326 2064 1360 ait:

1077 1370 1133 1404 Sis
1151 1371 1307 1404 intentus
1323 1371 1475 1405 lectioni.
1529 1371 1575 1406 Et
1592 1372 1678 1406 alibi
1693 1374 1826 1419 inquit:
1854 1374 1977 1409 Sermo
1999 1375 2065 1409 Dei

1077 1421 1218 1454 abunde
1234 1422 1326 1455 inter
1343 1434 1404 1455 vos
1422 1420 1576 1464 habitet,
1600 1430 1633 1457 ct
1649 1425 1749 1457 vobis
1763 1425 1947 1459 familiaris
1969 1426 2024 1461 sit.

1178 1470 1295 1505 Huius
1312 1472 1398 1505 anni
1412 1473 1624 1507 calamitates
1641 1474 1744 1507 etiam
1762 1487 1825 1509 nos
1842 1477 2066 1517 admoneant,

1076 1528 1114 1555 ut
1132 1521 1169 1554 in
1185 1522 1292 1556 totius
1310 1523 1400 1556 vitae
1416 1524 1689 1566 gubernatione,
1717 1533 1749 1560 et
1766 1526 1804 1558 in
1823 1526 1938 1560 officio
1957 1527 2065 1560 simus

1076 1572 1328 1615 diligentiores.
1381 1572 1490 1618 Saepe
1507 1572 1573 1607 hoc
1589 1587 1682 1608 anno
1700 1577 1744 1609 ad
1764 1588 1858 1609 aram
1876 1574 2066 1622 lachrymis

1077 1629 1110 1656 et
1133 1623 1294 1666 precibus
1319 1634 1438 1666 pacem
1463 1624 1667 1667 petivimus,
1707 1632 1740 1660 et
1768 1627 1938 1669 mitigavit
1970 1627 2066 1660 Dens

1076 1684 1217 1718 poenas.
1271 1672 1340 1707 Sed
1367 1674 1431 1707 erit
1455 1675 1652 1708 durabilior
1668 1687 1754 1719 pax,
1778 1677 1806 1709 si
1823 1689 1936 1710 mores
1953 1678 2065 1711 nostri

1077 1730 1180 1757 erunt
1199 1724 1445 1765 modestiores,
1471 1732 1505 1759 et
1527 1725 1557 1758 si
1578 1726 1787 1768 cogitatione
1808 1728 1988 1762 doctrinae
2005 1740 2065 1772 pe-

1077 1781 1173 1807 ctora
1201 1780 1320 1807 nostra
1355 1775 1397 1807 ad
1434 1775 1634 1808 ardentiora
1670 1783 1750 1810 vota
1780 1777 2063 1812 exuscitabimns.

1076 1823 1296 1866 Languidior
1318 1831 1369 1857 est
1391 1825 1484 1858 enim
1503 1825 1618 1859 omnis
1635 1827 1808 1870 precatio,
1840 1827 1915 1861 sine
1932 1829 2065 1862 doctri-

1078 1886 1143 1907 nae
1160 1874 1381 1917 cogitatione.
1433 1873 1465 1909 E
1481 1882 1622 1916 contra,
1645 1876 1674 1910 si
1691 1883 1750 1910 aut
1766 1877 1855 1911 ebrii
1873 1879 2065 1923 voluptati-

1077 1926 1161 1965 bus,
1188 1932 1247 1959 aut
1266 1926 1425 1968 occupati
1449 1926 1619 1968 avaricia,
1654 1927 1868 1971 negligemus
1886 1930 2065 1963 doctrinae

1077 1975 1211 2015 studia,
1233 1975 1363 2008 accidet
1379 1974 1570 2018 nobishoc,
1593 1978 1687 2022 quod
1705 1978 1741 2011 in
1756 1978 1953 2013 tristissima
1970 1993 2065 2013 com-

1078 2026 1274 2059 minatione
1298 2028 1391 2070 apud
1415 2026 1566 2060 Hoseam
1588 2028 1804 2071 praedictum
1825 2036 1890 2064 est:
1918 2030 2010 2073 Quia
2028 2038 2066 2065 tu

1078 2076 1259 2110 scientiam
1292 2077 1472 2120 repulisti,
1505 2078 1672 2122 repellam
1706 2085 1759 2121 te,
1793 2091 1837 2113 ne
1871 2081 2066 2115 sacerdotio

1079 2126 1235 2170 fungaris
1251 2124 1349 2160 mibi.

1182 2174 1315 2210 Omnia
1340 2177 1431 2210 bella
1455 2177 1654 2221 impediunt
1678 2179 1858 2213 literarum
1875 2181 2007 2222 studia=
2035 2187 2068 2214 et

1080 2227 1212 2262 faciunt
1237 2228 1482 2272 squallidiores
1504 2225 1697 2270 Ecclesias,
1731 2237 1770 2264 ut
1787 2230 1893 2264 unIus
1909 2232 1994 2264 anni
2009 2243 2068 2265 ca-

1080 2279 1218 2312 lamitas
1234 2279 1399 2314 ostendit.

1183 2328 1326 2371 Quanta
1352 2335 1468 2362 autem
1493 2328 1646 2363 solitudo
1669 2328 1922 2371 Ecclesiarum,
1955 2343 2068 2376 quan-

1081 2387 1134 2414 tae
1152 2380 1316 2413 tenebrae
1333 2386 1514 2413 secuturae
1531 2387 1666 2420 essent,
1693 2380 1738 2421 si,
1766 2381 1859 2426 quod
1877 2380 1972 2415 Deus
1998 2382 2067 2416 cle-

40 2434 228 2468 conciones
252 2429 507 2476 Prophetarum
533 2431 756 2474 abiiciamus,
793 2431 896 2465 etiam
917 2431 1030 2465 sicubi
1054 2421 1058 2474 l
1080 2437 1216 2464 menter
1245 2437 1396 2471 avertat,
1430 2440 1551 2463 rursus
1572 2430 1609 2463 in
1634 2428 1689 2464 his
1712 2431 1914 2475 regionibus
1936 2433 2068 2466 bellum

41 2483 272 2519 Graminatici
290 2495 396 2517 unam
411 2482 565 2527 aliquam
584 2494 703 2515 vocem
723 2494 796 2514 non
814 2483 935 2515 eodem
953 2494 1030 2516 mo-
1054 2480 1056 2484 ’
1081 2482 1337 2515 incenderetur.

41 2536 88 2568 do
108 2535 400 2579 interpretantur,
427 2544 576 2577 quarum
601 2533 878 2576 disputationum
897 2533 1030 2566 diiudi-

41 2585 132 2619 catio
157 2596 258 2629 saepe
282 2585 393 2618 facilis
417 2590 467 2617 est
493 2585 611 2616 dextre
631 2583 879 2616 iudicantibus.

1181 2531 1261 2565 Non
1279 2531 1481 2565 dubitemus
1494 2537 1609 2565 autem
1620 2558 1629 2571 ,
1651 2532 1754 2565 nobis
1769 2538 1803 2566 et
1813 2532 1990 2566 communi
2000 2530 2068 2565 Ec-

930 2581 976 2617 Et
991 2590 1030 2617 ut
1080 2583 1213 2622 clesiae,
1240 2582 1388 2625 gemitus
1403 2589 1558 2622 nostros,
1582 2579 1794 2627 lachrymas,
1821 2590 1918 2623 vota,
1945 2590 1977 2617 ct
1993 2594 2067 2615 cac-

41 2636 112 2670 sint
129 2647 237 2680 pauca
257 2636 426 2680 quaedam
445 2634 614 2667 vocabula
632 2633 757 2667 veteris
776 2633 931 2676 linguae,
956 2646 1029 2667 non
1052 2647 1057 2683 ι
1082 2640 1154 2667 tera
1174 2634 1228 2677 pia
1247 2633 1358 2665 officia
1373 2660 1381 2670 ,
1408 2633 1451 2665 ad
1470 2644 1587 2676 pacem
1606 2639 1636 2666 et
1654 2634 1696 2667 ad
1715 2634 1780 2666 alia
1792 2632 1856 2666 Dei
1875 2633 1967 2665 dona
1987 2632 2070 2665 reti-

41 2686 124 2723 satis
147 2692 248 2727 nota,
274 2687 311 2719 in
336 2684 391 2720 bis
410 2698 480 2719 non
499 2684 715 2729 periclitatur
733 2684 826 2719 salus
844 2682 1030 2727 Ecclesiae,
1079 2685 1214 2725 nenda,
1246 2683 1429 2729 profutura
1461 2694 1545 2717 esse.

1605 2682 1663 2717 Sic
1698 2684 1790 2717 enim
1818 2683 1932 2728 inquit
1958 2681 2070 2716 Deus:
