2338 2958
90 105 164 141 409

144 191 280 223 Carmine
297 192 474 229 complexus
489 197 594 220 terram
605 215 612 229 ,
640 203 719 220 mare
731 214 739 227 ,
767 193 888 232 sydera,
915 196 1038 231 maneis,

143 242 182 272 Et
198 247 286 270 cantu
301 239 419 279 Musas,
458 248 486 270 et
505 241 661 272 Phoebum
677 246 815 284 aequavit
830 244 956 283 honore,

141 293 247 331 Atque
261 291 334 321 haec
349 298 454 322 cuncta
470 295 552 332 prius
570 304 659 334 quam
678 301 825 332 cerneret,
853 296 956 325 ordine
971 297 1054 325 terris

139 341 293 379 Prodidit,
316 353 350 372 ac
364 350 491 373 vestram
507 347 575 374 tulit
591 356 683 386 usque
701 346 737 375 ad
753 346 857 385 sydera
871 345 1006 378 Troiam.

141 391 246 433 Scipio
266 396 445 432 perlustrans
463 398 557 426 oculis
570 397 728 426 latentibus
744 398 888 435 umbram,

140 443 176 474 Si
192 455 272 474 nunc
291 444 350 474 fata
366 446 485 484 darent,
513 455 544 477 ut
558 446 689 477 Romula
702 449 778 476 facta
794 459 846 487 per
862 449 964 478 orbem

141 495 202 525 Hic
220 503 335 525 caneret
350 504 429 527 vates
441 521 448 535 ,
475 505 585 538 quanto
602 501 712 527 maiora
727 499 845 529 futuros

140 546 230 576 Facta
245 547 347 576 eadem
360 550 503 578 intrarent
516 549 592 587 hoc,
618 551 734 589 inquit,
762 555 835 579 teste
857 556 989 589 nepotes.

141 597 250 627 Foelix
267 597 399 628 Aeacide
410 623 418 637 ,
450 602 499 629 cui
513 602 565 629 tali
580 603 704 639 contigit
721 610 771 629 ore

142 646 288 679 Gentibus
305 651 420 679 ostendi
431 674 440 690 ,
467 654 557 680 erevit
574 658 625 680 tua
641 653 769 696 carminse
786 651 889 681 virtus.

88 694 184 730 Haec
199 698 242 729 de
255 695 402 730 Homeri
417 698 581 731 laudibus
597 697 785 732 Africanus
803 697 896 742 apud
911 695 1052 730 Silium.

186 746 254 781 Sed
272 748 468 780 occurritur
485 748 589 781 nobis
606 755 639 782 et
653 749 794 793 quidem
811 760 830 781 a
845 759 982 782 summo
1000 746 1075 778 viro

89 808 128 830 ac
152 797 353 831 doctissimo
376 797 542 839 Platone,
577 799 637 844 qui
654 798 848 832 Homerum
867 798 962 831 velut
982 796 1076 829 iudi-

89 847 143 881 cio
175 848 298 891 capitis
319 848 545 890 damnatum,
581 861 643 883 sua
669 849 810 894 Repub.
835 847 1006 887 excludit,
1039 846 1077 878 in

89 897 233 930 exilium
265 898 370 940 exigit
395 910 434 931 ac
464 900 605 943 relegat.
673 900 754 942 Quo
787 900 824 933 in
859 900 935 932 loco
961 898 1076 930 dicere

87 959 246 992 possum,
273 948 308 980 id
327 950 422 993 quod
438 947 708 995 Chrysostomus
725 952 768 984 de
783 951 903 984 eadem
918 947 1076 982 Platonis

89 1005 211 1032 contra
235 997 430 1032 Homerum
454 1001 673 1034 accusatione
697 1001 895 1045 respondit:
922 998 1077 1033 Difficile

87 1060 159 1082 esse
175 1048 267 1082 inter
281 1056 398 1083 tantos
414 1047 574 1084 homines
590 1051 794 1095 disceptare,
811 1059 850 1085 ut
866 1051 894 1083 si
910 1051 980 1083 duo
996 1049 1075 1086 viri,

87 1100 191 1132 ambo
209 1100 311 1140 boni,
338 1101 440 1133 ambo
463 1112 584 1144 graves
609 1108 642 1134 et
661 1099 817 1142 honesti,
838 1102 942 1134 ambo
959 1099 1076 1139 amici,

88 1151 132 1182 de
150 1161 186 1182 re
204 1150 366 1194 quapiam
384 1151 473 1184 seria
492 1158 524 1185 et
549 1152 646 1195 gravi
667 1152 850 1186 sententiis
867 1151 1076 1193 discrepem,

87 1199 229 1233 difficile
263 1201 308 1234 sit
335 1201 589 1244 pronunciare,
623 1214 667 1235 ne
694 1203 838 1236 alterius
865 1201 1075 1235 sententiam

87 1250 239 1283 videaris
256 1257 314 1284 tua
330 1251 490 1284 oratione
505 1253 685 1287 damnare.
738 1252 807 1286 Sed
827 1252 1008 1285 videamus
1023 1258 1076 1284 ta—

87 1313 168 1334 men
184 1301 269 1346 quid
288 1300 472 1334 Platonem
487 1303 647 1343 moverit,
669 1309 708 1336 ut
726 1301 920 1336 Homerum
937 1301 1076 1335 civitate

87 1364 106 1385 a
121 1363 157 1384 se
175 1351 362 1384 constituta
376 1352 531 1386 eiiceret:
555 1364 628 1386 non
646 1353 740 1386 enim
758 1360 888 1386 temere
905 1353 941 1385 id
957 1351 1075 1384 fecisse

88 1402 266 1446 putandus
288 1409 357 1441 est,
385 1403 588 1445 praesertim
613 1415 717 1448 quem
741 1404 814 1448 ipse
838 1402 990 1448 ἄριστον
1014 1398 1076 1435 καὶ

88 1448 285 1486 θειότατον
312 1453 388 1486 τῶν
416 1455 597 1498 ποιητῶν,
633 1454 805 1497 optimum
833 1461 865 1487 et
896 1451 1076 1486 divinissi-

87 1514 185 1536 mum
204 1501 392 1536 Poetarum
408 1511 518 1539 vocet.
570 1502 665 1546 Quid
696 1504 803 1547 igitur
818 1511 956 1537 tantum
979 1514 1076 1535 com-

87 1552 217 1586 meruit
240 1550 324 1586 haec
353 1553 641 1588 innocentissima
670 1554 836 1595 luscinia,
878 1560 917 1587 ut
946 1552 1076 1595 campis

86 1602 277 1637 Platonicis
295 1603 509 1646 pelleretur?
542 1602 724 1638 Obiicitur
740 1606 835 1649 quod
853 1605 896 1637 de
913 1602 990 1637 Diis
1009 1602 1077 1634 im-

86 1652 297 1687 mortalibus
310 1665 348 1686 ac
365 1653 534 1697 religione
551 1654 700 1688 ridicula
715 1655 887 1700 quaedam
904 1661 937 1688 et
950 1653 1076 1686 absur-

85 1705 130 1738 da
156 1703 363 1748 prodiderit.
421 1704 560 1745 Audio,
593 1717 758 1748 magnum
783 1712 817 1739 et
840 1704 987 1749 capitale
1008 1703 1076 1736 cri-

87 1767 180 1789 men.
215 1753 285 1788 Sed
303 1754 396 1788 dicat
409 1753 497 1788 mihi
514 1755 570 1788 vel
585 1755 703 1797 Plato,
725 1756 781 1789 vel
796 1756 885 1789 alius
901 1754 1075 1800 quispiam

88 1803 193 1839 liuius
218 1805 409 1838 sententiae
438 1813 697 1849 propugnator,
731 1818 903 1851 quaenam
934 1805 1001 1838 alia
1033 1805 1076 1836 de

88 1855 191 1894 Diis,
224 1860 285 1888 aut
308 1856 350 1887 de
376 1855 564 1898 religione,
597 1863 637 1889 ut
656 1863 732 1889 tum
757 1856 824 1890 fuit
856 1856 894 1888 in
916 1854 1075 1894 Graecia,

87 1905 265 1940 Homerus
296 1905 448 1948 potuerit
478 1907 632 1947 tradere,
674 1914 707 1940 et
731 1913 851 1939 utrum
874 1905 974 1939 Plato
1002 1906 1075 1949 ipse

86 1956 199 1990 multo
224 1955 368 1988 meliora
391 1956 531 1990 noverit
553 1957 607 1989 vel
631 1956 839 1999 prodiderit.
898 1954 1075 1989 Homerus

87 2008 131 2042 de
151 2006 341 2049 religione,
367 2007 411 2039 de
429 2005 507 2040 Diis
531 2007 810 2048 immortalibus,
836 2019 873 2040 ea
893 2019 981 2052 quae
998 2013 1073 2040 tum

86 2057 214 2092 usitata
231 2057 397 2100 fuerunt,
423 2056 496 2101 ipse
510 2069 650 2102 quoque
667 2064 803 2091 secutus
822 2064 891 2099 est,
917 2069 980 2090 uec
1002 2057 1074 2089 illis

86 2108 229 2154 quidem
254 2107 471 2150 temporibus
499 2116 532 2142 et
553 2108 646 2152 apud
671 2108 748 2141 illas
774 2115 892 2150 gentes
914 2108 981 2141 alia
1007 2107 1075 2140 fuit

86 2157 267 2201 religionis
292 2158 423 2199 forma,
456 2171 562 2203 quam
587 2158 725 2203 qualem
747 2157 923 2192 Homerus
945 2158 1074 2191 descri-

88 2209 155 2243 bit.
192 2206 319 2242 Utrum
336 2219 376 2241 ea
394 2221 474 2242 vera
488 2221 532 2242 an
549 2209 632 2242 falsa
644 2235 653 2249 ‚
681 2221 753 2242 non
770 2206 826 2242 hic
843 2209 996 2252 disputo,
1032 2207 1073 2240 ln

88 2257 156 2294 hoc
178 2269 302 2302 nempe
316 2255 473 2292 Homero
496 2272 574 2293 cum
593 2258 739 2292 Platone
761 2267 794 2293 et
819 2258 1074 2303 praestantissi-

87 2309 155 2344 mis
171 2308 368 2353 quibusque
385 2309 469 2342 viris
483 2310 657 2350 convenit,
683 2311 777 2355 quod
794 2310 838 2344 sit
854 2308 959 2347 Deus,
977 2310 1072 2354 quod

89 2371 144 2394 res
160 2357 331 2392 humanas
347 2367 461 2393 curet:
490 2367 541 2394 tot
558 2360 665 2403 igitur
678 2358 835 2394 Deorum
854 2360 997 2394 consilia
1015 2372 1073 2393 co-

87 2411 156 2454 git,
183 2417 222 2443 ut
238 2410 397 2443 ostendat
413 2421 466 2443 res
481 2407 666 2444 hominum
683 2423 754 2444 non
772 2417 901 2444 temere
914 2423 976 2444 nec
992 2422 1073 2443 casu

88 2462 214 2501 ssuere,
235 2461 294 2494 sed
314 2472 333 2493 a
353 2459 429 2494 Diis
449 2460 708 2495 immortalibus
724 2462 918 2506 dispensari
945 2473 983 2494 ac
1009 2472 1074 2503 gu-

88 2510 238 2545 bernari.
284 2509 381 2544 Facit
395 2510 508 2544 Deum
527 2508 813 2557 φιλάνθρωπον,
841 2513 936 2545 unde
952 2511 1073 2555 luppi-

88 2569 141 2596 ter
153 2562 197 2596 ab
221 2561 295 2605 ipso
312 2561 569 2603 introducitur,
598 2574 817 2607 conquerens
834 2563 922 2596 affici
944 2574 978 2595 se
1005 2559 1071 2594 hu-

87 2612 202 2645 manis
215 2612 369 2653 casibus,
391 2619 425 2646 et
442 2613 561 2646 dolere
577 2613 643 2646 sibi
660 2610 844 2646 hominum
861 2613 950 2646 mala
967 2619 1070 2657 atque

87 2662 260 2699 miserias:
297 2663 419 2697 statuit
448 2663 532 2698 item
562 2663 675 2698 honos
702 2665 864 2705 defendi,
896 2662 1069 2699 cumulari

585 100 741 138 DECL.
778 102 850 138 DE
881 102 1170 141 PRAEFAT.
1206 103 1264 139 IN
1296 103 1614 146 HOMERUM.

2043 114 2116 148 410

1131 189 1246 230 bonis,
1273 190 1443 225 divinitus
1460 193 1571 226 malos
1587 194 1718 237 puniri.
1755 194 1937 230 Praedicat
1954 197 2117 232 Minerva

1131 240 1169 272 in
1185 240 1298 283 primo
1316 238 1510 286 Odysseae,
1539 244 1698 290 Ulyssem
1714 245 1867 290 primum
1886 255 2027 291 propter
2044 250 2116 282 xir-

1130 297 1240 324 tutem
1261 302 1300 324 ac
1323 288 1557 335 honestatem,
1589 296 1715 329 deinde
1740 303 1773 330 et
1797 304 1939 341 propter
1960 300 2115 332 studium

1130 341 1270 385 pietatis
1291 349 1323 375 et
1341 342 1538 385 religionis,
1564 357 1623 378 seu
1648 347 1781 380 cultum
1796 348 1964 383 Deorum.
2018 349 2116 391 Quid

1130 389 1285 425 humana
1309 400 1451 434 natura,
1478 395 1506 427 si
1526 395 1595 428 suis
1619 397 1753 430 viribus
1776 399 1910 432 nitatur
1927 401 1970 432 de
1988 400 2115 432 voluu-

1129 450 1198 476 tate
1234 442 1301 476 Dei
1336 444 1460 477 melius
1493 452 1553 478 aut
1588 447 1773 481 sublimius
1808 450 1957 492 cogitare
1991 457 2114 494 potest,

1129 505 1233 538 quam
1252 494 1345 538 quod
1366 494 1441 537 pios
1456 502 1488 528 et
1506 496 1617 529 bonos
1634 505 1736 538 amet,
1760 499 1886 540 foveat,
1914 501 2018 542 iuvet,
2046 502 2114 533 im-

1130 543 1206 587 pios
1233 551 1266 578 et
1291 545 1473 578 sceleratos
1497 547 1630 587 oderit,
1664 549 1854 593 poenisque
1881 551 2023 592 afficiat,
2061 563 2114 585 res

1129 591 1315 627 hominum
1341 602 1456 636 curet,
1495 597 1689 639 gubernet?
1742 598 1848 641 Quod
1871 613 1952 634 vero
1978 610 2115 645 praeter

1128 642 1213 678 haec
1229 646 1412 689 allegorica
1428 649 1599 691 quaedam
1615 649 1817 689 admiscuit,
1842 650 1941 684 facile
1966 653 2115 695 intelligi

1128 702 1257 739 potest,
1285 697 1381 729 aliud
1401 697 1516 740 ipsum
1533 698 1640 741 egisse
1652 726 1661 739 ,
1687 700 1844 732 allusisse
1862 702 1905 734 ad
1922 714 2034 735 mores
2049 701 2114 736 ho-

1128 747 1286 786 minum,
1311 749 1353 779 ad
1374 754 1535 781 naturam
1553 761 1689 788 rerum,
1717 750 1905 784 involvisse
1929 750 1984 785 his
2001 753 2114 796 poeti-

1128 797 1177 830 cis
1201 797 1362 831 iconibus
1387 799 1475 832 seria
1501 806 1533 832 et
1553 800 1671 841 gravia
1689 802 1867 843 dogmata,
1894 809 1933 836 ut
1955 815 2029 836 mos
2048 805 2114 837 suit

1128 848 1270 881 illorum
1289 855 1498 893 temporum.
1552 849 1648 892 Quid
1668 853 1760 895 quod
1781 859 1812 884 et
1830 852 1928 886 Plato
1945 866 2114 887 nonnun—

1129 910 1233 943 quam
1252 899 1294 930 ad
1313 896 1407 931 hunc
1423 900 1569 932 modum
1587 901 1678 935 ludit
1694 902 1735 934 ale
1750 901 1827 934 Diis
1844 903 2114 945 immortalibus,

1129 961 1207 981 cum
1223 949 1316 981 aliud
1335 949 1503 993 quiddam
1529 950 1716 993 significet,
1743 953 1804 996 qui
1831 954 1858 985 si
1881 960 1951 986 tam
1974 966 2114 987 severus

1128 999 1233 1032 iudex
1259 999 1295 1031 in
1317 999 1405 1032 alios
1431 1012 1503 1033 esse
1526 1001 1622 1041 vult,
1663 1003 1786 1034 eodem
1813 1010 1845 1036 et
1869 1003 1941 1046 ipse
1967 1005 2114 1038 crimine

1128 1050 1289 1082 damnari
1307 1058 1431 1092 potest.
1481 1050 1619 1084 Deinde
1634 1053 1840 1096 responderi
1858 1061 1890 1086 et
1908 1053 1972 1088 hoc
1990 1062 2114 1100 potest,

1129 1100 1223 1143 quod
1246 1097 1516 1144 Chrysostomus
1539 1102 1605 1143 ait,
1637 1102 1833 1137 Homerum
1855 1102 1900 1137 τὰ
1923 1102 1992 1148 μὲν
2020 1104 2113 1139 κατὰ

1127 1147 1262 1190 δόξαν,
1306 1147 1394 1184 τάδε
1431 1150 1514 1185 κατ’
1550 1151 1728 1197 ἀληθειάν
1770 1154 1936 1198 posuisse.
1997 1155 2114 1200 Atque

1129 1199 1213 1233 haec
1231 1198 1318 1233 mihi
1335 1202 1376 1233 de
1393 1202 1505 1244 prima
1521 1215 1622 1236 causa
1639 1204 1766 1237 dixisse
1783 1205 1864 1238 satis
1881 1206 1937 1241 sit.
1975 1204 2115 1240 Obiici-

1128 1258 1186 1285 tur
1201 1259 1317 1285 autem
1335 1253 1489 1284 secundo
1514 1253 1607 1294 loco,
1635 1257 1729 1298 quod
1753 1255 1888 1297 magnis
1905 1269 1943 1289 ac
1964 1255 2113 1290 heroicis

1128 1301 1212 1334 viris
1227 1298 1424 1346 lachrymas
1439 1303 1653 1337 attribuerit:
1673 1305 1708 1337 id
1726 1317 1787 1337 cur
1803 1304 2113 1349 reprehensionem

1128 1359 1312 1391 mereatur,
1322 1364 1395 1384 non
1406 1353 1518 1393 video,
1529 1354 1598 1387 imo
1610 1367 1690 1387 vero
1702 1356 1885 1399 praecipue
1897 1357 2113 1391 laudandum

1128 1399 1193 1435 hoc
1213 1399 1300 1434 mihi
1318 1401 1459 1435 videtur
1475 1414 1570 1447 esse,
1604 1406 1697 1449 quod
1717 1418 1788 1438 nou
1806 1407 1946 1440 stultam
1963 1408 2060 1441 illam
2080 1417 2113 1443 et

1130 1452 1371 1495 imaginariam
1390 1452 1589 1487 Stoicorum
1615 1451 1802 1490 ἀπάθειαν
1822 1457 2028 1499 somniavit,
2053 1461 2113 1492 sed

1128 1503 1213 1536 tales
1237 1514 1354 1535 rerum
1377 1510 1480 1547 atque
1510 1501 1693 1538 hominum
1719 1506 1888 1550 imagines
1917 1510 2114 1552 proposuit,

1128 1552 1247 1598 quales
1271 1559 1385 1585 esseut
1408 1553 1445 1585 in
1469 1566 1586 1587 rerum
1611 1563 1736 1589 natura
1759 1564 1790 1590 et
1806 1558 1892 1598 vita,
1918 1571 1989 1592 non
2014 1560 2114 1594 finxit

1128 1602 1362 1647 prodigiosas,
1390 1610 1423 1637 et
1440 1615 1458 1636 a
1477 1605 1656 1638 communi
1678 1603 1834 1640 humano
1858 1620 1961 1642 sensu
1984 1608 2114 1643 abhor-

1128 1660 1242 1686 rentes
1273 1653 1474 1696 opiniones,
1509 1656 1569 1688 sed
1603 1668 1641 1688 ea
1663 1668 1726 1690 suo
1751 1658 1904 1692 carmine
1933 1661 2113 1704 expressit,

1127 1716 1216 1749 quae
1232 1715 1336 1748 quam
1362 1704 1511 1738 maxime
1534 1713 1647 1739 essent
1665 1708 1789 1740 usitata
1809 1708 1846 1740 in
1863 1710 1952 1750 vita,
1981 1718 2013 1744 et
2030 1724 2114 1744 con-

1127 1761 1290 1787 sentanea
1318 1756 1498 1788 communi
1524 1757 1654 1792 sensui.
1714 1757 1836 1791 Voluit
1861 1767 1977 1793 autem
2005 1762 2113 1804 signi-

1127 1805 1227 1837 ficare
1245 1816 1389 1847 magnos
1405 1805 1499 1838 viros
1516 1818 1594 1839 cum
1611 1806 1825 1849 gravissimis
1849 1816 1881 1843 et
1905 1811 2112 1844 tristissimis

1127 1855 1264 1888 casibus
1297 1855 1509 1896 conflictari,
1551 1868 1747 1902 magnoque
1782 1859 1980 1894 animorum
2015 1869 2112 1896 motu

1127 1905 1286 1950 percelII,
1312 1912 1350 1938 ut
1367 1906 1410 1938 de
1426 1917 1489 1939 suo
1506 1905 1625 1940 Aenea
1644 1906 1827 1942 Romanus
1842 1909 1962 1944 Poeta:

1202 1958 1295 1997 Spem
1307 1961 1392 1988 vultu
1406 1961 1544 1999 simulat,
1570 1963 1679 2001 premit
1695 1964 1754 1992 alto
1771 1963 1858 1992 corde
1872 1965 2015 1995 dolorem.

1125 2005 1172 2040 Et
1189 2007 1257 2040 alio
1274 2007 1366 2040 loco:

1302 2058 1419 2100 lugenti
1435 2064 1544 2091 irarum
1563 2065 1686 2093 fluctuat
1703 2072 1793 2094 aestu.

1127 2107 1396 2151 Descripserunt
1425 2110 1517 2143 enim
1549 2110 1677 2144 Poetae
1705 2113 1788 2145 tales
1816 2110 1958 2154 heroas,
1992 2113 2111 2158 quales

1126 2158 1286 2197 suerunt,
1319 2172 1444 2204 nempe
1466 2160 1527 2205 qui
1553 2169 1585 2194 et
1617 2159 1779 2196 humanis
1802 2164 1936 2197 casibus
1967 2165 2111 2197 obnoxii

1126 2215 1256 2248 essent,
1291 2217 1324 2243 et
1351 2210 1393 2242 iis
1420 2218 1655 2246 moverentur.
1718 2212 1983 2257 l‘roposuerunt
2008 2215 2111 2247 nobis

1126 2259 1365 2300 consiliorum,
1393 2261 1593 2302 affectuum,
1619 2263 1797 2297 actionum
1826 2271 1859 2298 et
1884 2265 2110 2307 negociorum

1125 2308 1162 2341 in
1186 2308 1276 2350 vita,
1309 2307 1495 2343 hominum
1517 2312 1620 2345 etiam
1647 2313 1789 2347 usitatas
1816 2314 2002 2358 imagines,
2037 2328 2110 2348 non

1127 2366 1208 2392 sunt
1229 2360 1338 2393 secuti
1359 2361 1420 2394 illa
1444 2358 1663 2396 ἀτοπώτατα
1686 2361 1896 2406 παράδοξα,
1925 2366 2053 2410 quibus
2071 2378 2109 2399 ex

1125 2407 1349 2453 philosophis
1388 2412 1555 2444 nonnulli
1598 2412 1779 2456 impendio
1818 2423 1900 2449 sunt
1937 2417 2110 2450 delectati.

1124 2459 1235 2493 Porro
1259 2463 1353 2505 quod
1377 2461 1508 2494 inferos
1531 2463 1686 2501 finxerit,
1723 2465 1757 2497 id
1780 2466 1938 2507 tertium,
1972 2467 2110 2510 opinor,

1123 2510 1256 2543 crimen
1273 2510 1428 2544 Homero
1449 2513 1616 2546 obiicitur
1631 2527 1649 2547 a
1668 2514 1834 2557 Platone,
1857 2524 2000 2560 putatur
2016 2517 2108 2549 enim

1123 2567 1251 2594 metum
1270 2562 1392 2595 mortis
1410 2563 1564 2596 incutere
1590 2561 1813 2607 hominibus,
1840 2579 1918 2599 cum
1938 2567 2108 2601 terribilia

1122 2618 1156 2644 et
1173 2612 1289 2655 qualia
1307 2612 1380 2655 ipse
1403 2613 1515 2657 pingit
1537 2616 1629 2658 apud
1653 2615 1802 2657 inferos,
1830 2617 1896 2650 sibi
1918 2625 1993 2661 post
2019 2615 2107 2649 hanc

1122 2662 1230 2696 vitam
1265 2671 1485 2707 proponant,
1520 2671 1625 2710 atque
1660 2666 1708 2700 ita
1745 2667 1894 2701 lectione
1929 2666 2108 2700 Homerici
