2338 2958
93 116 169 152 317
586 109 742 149 DECL.

92 201 214 236 multis
231 199 320 233 vitae
338 197 497 241 partibus
511 197 720 232 admonent:
749 204 864 232 tamen
883 209 1006 232 censeo
1024 197 1080 230 in-

92 254 230 287 terdum
254 257 287 284 et
310 259 364 281 res
383 246 612 281 Germanicas
636 249 833 282 recitandas
855 261 944 291 esse;
978 256 1080 293 turpe

92 309 143 337 est
159 300 252 335 enim
269 298 459 332 domestica
474 298 647 342 ignorare.
682 297 729 333 Et
745 306 944 333 nostrarum
960 311 1078 333 rerum

91 351 218 387 noticia
237 349 347 393 magis
373 350 539 384 conducit
556 351 599 383 ad
626 349 814 383 iudicanda
834 350 976 393 negocia
991 349 1078 385 Rei-

88 403 170 449 pub.
186 407 220 435 et
236 399 413 434 Ecclesiae
429 397 557 433 horum
574 407 783 444 temporum.
838 400 920 434 Ideo
938 400 1077 434 decrevi

88 455 131 488 de
146 451 374 495 Sigismundo
394 450 604 494 lmperatore
621 451 757 492 dicere,
789 463 892 496 quem
911 458 950 485 ut
968 452 1076 495 potis-

87 504 214 538 simum
235 502 419 545 eligerem,
447 501 550 535 etiam
570 503 720 547 quadam
741 501 866 545 privati
886 502 992 535 officii
1018 514 1073 535 ra-

87 555 183 590 tione
206 554 381 593 adducor3
416 564 497 584 nam
517 552 736 595 Sigismundi
756 552 880 585 eximia
904 553 972 586 suit
995 563 1074 596 erga

85 605 232 651 patriam
261 615 372 636 meam
399 601 630 646 Noribergam
662 602 917 637 benevolentia.
971 602 1074 636 Pater

84 653 187 696 νει-θ’,
217 653 365 688 Carolus
384 660 547 697 quartuS,
574 653 750 686 civitatem
768 653 957 686 domestica
981 654 1073 687 sedi-

83 707 179 741 tione
196 717 284 749 pene
308 704 467 737 funditus
484 703 673 746 perditam,
700 702 775 737 Deo
797 703 959 745 iuvante,
986 716 1072 737 con-

82 758 162 791 silio
189 762 222 789 et
241 756 368 788 virtute
391 754 560 796 singulari
585 754 750 788 restituit.
803 753 943 788 Deinde
961 754 1072 798 Sigis-

83 807 209 841 mundi
235 817 363 839 nomen
388 817 427 837 eo
459 804 591 847 gratius
615 816 688 837 esse
714 805 879 838 studiosis
906 806 1071 839 omnibus

82 859 208 898 debet,
232 856 312 902 quia
337 867 414 888 cum
441 861 528 888 esset
556 855 591 887 in
619 862 697 898 toga
714 854 880 900 Princeps
894 856 1069 898 salutaris,

81 915 115 943 et
130 915 266 941 nostras
281 913 371 939 artes
390 905 539 947 benigne
556 905 662 946 fovit,
686 913 721 940 et
738 904 925 948 Ecclesiae,
954 919 1068 951 quan-

80 966 155 994 tum
171 966 254 991 tunc
269 957 410 1002 quidem
428 956 612 999 providere
629 957 754 1000 potuit,
780 964 870 1000 recte
887 958 1068 991 consulere

79 1016 224 1044 conatus
247 1015 307 1040 est.
359 1005 448 1039 Nam
473 1013 505 1040 et
522 1006 706 1052 Synodum
733 1007 863 1041 indixit
880 1008 916 1040 in
935 1008 1068 1041 discor-

79 1060 147 1094 diis
171 1058 338 1103 publicis,
374 1057 410 1089 in
434 1069 501 1101 qua
527 1057 661 1091 etiamsi
689 1060 859 1102 quaedam
891 1059 965 1091 sine
992 1059 1066 1092 eius

79 1110 227 1145 consilio
255 1108 444 1142 crudeliter
478 1108 566 1141 facta
593 1115 695 1151 sunt,
739 1115 856 1141 tamen
882 1109 971 1142 illud
1000 1110 1064 1143 fuit

79 1162 163 1196 utile
187 1162 382 1199 decretum,
410 1164 449 1191 ut
473 1158 606 1192 decimo
624 1171 764 1204 quoque
788 1171 881 1192 anno
901 1160 1065 1205 Synodus

78 1211 249 1256 generalis
266 1208 469 1243 haberetur:
497 1210 589 1254 quod
610 1215 725 1242 tamen
745 1217 860 1253 postea
878 1209 1065 1244 Pontifices

77 1263 225 1307 superbe
249 1262 482 1302 abrogarunt,
509 1259 569 1304 qui
591 1272 670 1292 cum
696 1261 837 1301 volunt,
873 1268 968 1304 pacta
992 1273 1064 1294 non

75 1320 158 1348 sunt
183 1319 300 1356 pacta,
327 1318 365 1344 ut
391 1310 505 1354 inquit
530 1309 686 1345 Plautus.
740 1311 922 1352 Quantum
949 1319 1064 1345 autem

76 1364 253 1408 prodesset
280 1359 384 1393 bodie
409 1362 451 1392 ad
477 1372 699 1393 communem
725 1362 968 1402 concordiam,
1004 1362 1063 1394 illa

79 1416 262 1447 doctorum
287 1410 494 1450 collocutio,
522 1410 549 1442 si
569 1410 724 1455 Synodi,
753 1418 791 1444 ut
810 1412 874 1444 suit
893 1412 1064 1446 constitu-

77 1471 168 1502 tum,
196 1461 434 1496 haberentur?
459 1473 525 1505 qua
546 1460 581 1493 in
606 1474 642 1494 re
661 1468 776 1494 tamen
800 1462 987 1495 consilium
1006 1463 1064 1496 Si-

75 1513 252 1559 gismuudi
277 1519 309 1545 et
336 1512 496 1544 voluntas
521 1511 659 1544 laudem
682 1518 874 1545 merentur.
936 1512 1062 1554 Quan-

75 1576 180 1611 quam
205 1564 311 1607 igitur
337 1574 389 1595 res
411 1562 484 1594 eius
507 1568 617 1604 gestas
643 1562 814 1605 explicare
837 1562 970 1605 integre
989 1575 1060 1595 non

75 1622 213 1660 potero,
239 1621 354 1648 tamen
373 1611 574 1657 praecipuas
594 1613 748 1646 breviter
773 1612 955 1656 colligam,
982 1625 1061 1647 vos-

74 1678 140 1712 que
159 1677 262 1708 rogo,
285 1671 323 1698 ut
339 1675 433 1696 meae
453 1662 608 1696 orationi
626 1663 762 1696 veniam
781 1663 881 1698 detis.

175 1716 310 1761 Sequar
338 1720 452 1748 autem
479 1713 644 1746 usitatum
677 1713 856 1755 ordinem,
893 1714 1059 1758 primum,

71 1775 111 1802 ut
126 1768 169 1801 de
187 1778 313 1810 genere
337 1777 444 1809 pauca
472 1763 602 1804 dicam,
633 1765 726 1809 quod
756 1764 792 1797 in
816 1765 950 1807 magnis
975 1765 1060 1797 viris

71 1819 223 1852 libenter
247 1817 526 1855 consideramus;
562 1815 642 1859 quia
671 1815 762 1847 enim
796 1815 929 1848 semina
954 1827 1058 1860 quae-

71 1870 151 1903 dam
178 1868 348 1902 virtutum
372 1878 388 1898 a
412 1864 604 1898 maioribus
634 1866 668 1897 in
696 1872 851 1909 posteros
874 1865 1058 1909 propagari

71 1919 326 1957 existimamus,
365 1915 587 1948 incendimur
617 1916 763 1956 animis,
806 1922 843 1948 ut
878 1916 1058 1959 cupiamus

71 1971 173 2005 etiam
191 1969 277 2002 scire
293 1967 412 2012 quales
430 1965 480 1998 illi
501 1965 649 2006 fuerint,
677 1978 694 1999 a
712 1966 840 2011 quibus
856 1966 973 2009 magni
991 1967 1057 1999 viri

70 2021 139 2055 orti
161 2027 256 2054 sunt.
312 2017 449 2051 Deinde
470 2017 505 2049 in
524 2016 604 2056 illis,
626 2029 713 2061 quos
735 2016 844 2061 patria
865 2025 980 2051 nostra
1000 2029 1057 2060 ge-

71 2072 166 2109 nuit,
202 2067 437 2103 inhumanum
461 2074 548 2100 esset
568 2068 704 2109 generis
724 2067 937 2100 mentionem
957 2080 1056 2112 prae-

71 2122 279 2161 termittere3
314 2131 394 2152 nam
422 2118 542 2151 multis
566 2119 608 2150 de
632 2119 743 2151 causis
768 2119 886 2150 laudes
912 2130 1055 2162 magno-

70 2185 148 2206 rum
172 2172 349 2210 virorum,
381 2170 423 2202 ad
450 2168 594 2212 patriam
617 2169 733 2213 aliqua
761 2181 800 2201 ex
826 2175 922 2211 parte
950 2169 1057 2212 perti-

70 2229 174 2261 nent,
205 2233 293 2266 quae
319 2220 454 2265 aliquos
477 2219 573 2252 addit
600 2218 749 2260 ingeniis
769 2219 938 2262 impetus,
967 2232 1054 2264 quae

69 2280 159 2308 certa
174 2271 358 2313 disciplina
374 2271 464 2303 civcs
486 2270 677 2304 assuefacit.
731 2270 799 2303 Sed
828 2282 869 2301 ne
891 2269 954 2302 sim
974 2283 1054 2314 pro-

69 2324 190 2362 lixior,
219 2328 321 2355 natus
339 2327 386 2353 est
404 2320 652 2363 sigismundus
671 2328 766 2364 patre
783 2319 911 2352 Carolo
930 2328 1053 2365 quarto

68 2375 300 2419 Imperatore,
334 2383 461 2414 proavo
491 2369 646 2404 Henrico
683 2371 952 2413 Lucelbergensi
983 2371 1054 2404 lm-

69 2433 243 2469 peratore,
276 2423 374 2455 cuius
397 2428 492 2454 tanta
517 2421 581 2453 suit
605 2422 713 2455 virtus
738 2429 770 2455 et
797 2421 987 2465 sapientia,
1015 2430 1053 2456 ut

67 2476 106 2509 in
122 2476 291 2508 diuturno
309 2473 508 2514 interregno
527 2472 684 2505 omnium
703 2471 907 2515 Principum
928 2472 1051 2505 suffra-

68 2527 131 2570 giis
153 2526 322 2570 expetitus
351 2524 395 2557 sit
421 2524 462 2555 ad
494 2523 783 2565 gubernationem
815 2530 846 2556 et
882 2524 1052 2556 sedandos

68 2577 224 2619 ingentes
242 2575 362 2608 ltaliae
380 2586 417 2607 ac
436 2572 649 2606 Germaniae,
667 2580 790 2608 motus.

169 2626 288 2659 Fortes
305 2631 466 2658 creantur
482 2624 632 2657 fortibus
651 2630 682 2656 et
702 2625 823 2662 bonis,
848 2624 961 2668 inquit
981 2624 1050 2660 ille.

69 2676 124 2712 Ab
140 2674 195 2710 his
214 2676 297 2710 viris
317 2676 422 2719 igitur
440 2682 536 2709 ortus
555 2674 822 2718 Sigismundus,
850 2674 968 2707 indole
984 2675 1049 2709 fuit

794 110 871 148 DE
912 110 1293 148 SIGISMUNDO
1335 112 1622 153 IMPERAT.

2051 121 2124 159 318

1132 198 1174 231 ad
1193 198 1358 232 virtutem
1376 206 1408 233 et
1422 200 1465 233 ad
1484 201 1589 234 decus
1606 199 1763 238 incitata.
1804 200 2019 240 Adolescens
2037 220 2120 242 con-

1130 248 1209 282 silio
1230 250 1337 293 patris
1355 250 1541 293 diligenter
1558 251 1594 284 in
1614 251 1722 286 literis
1741 252 1920 288 institutus
1938 263 2004 298 est,
2032 271 2119 303 qna-

1129 311 1208 333 rum
1236 300 1389 342 cognitio
1418 309 1535 344 postea
1560 302 1589 335 ei
1614 302 1651 335 in
1673 304 1927 346 gubernatione
1949 309 2118 343 maxima-

1128 362 1207 383 rum
1225 362 1342 383 rerum
1364 362 1489 393 magno
1511 352 1589 385 usui
1615 353 1689 386 fnit.
1744 353 1846 388 Pater
1870 357 1902 389 ei
1920 356 2117 393 Marchiam

1128 400 1504 446 Brandenburgensem
1527 409 1560 435 et
1578 402 1774 437 Moraviam
1792 406 1953 452 reliquit,
1982 409 2017 442 in
2035 410 2116 455 qui-

1128 452 1193 485 bus
1210 452 1368 495 regendis
1387 465 1465 486 cum
1485 452 1558 486 eius
1579 455 1778 496 prudentia,
1800 458 1986 492 dexteritas
2004 472 2042 493 ac
2061 460 2116 494 iu-

1127 502 1223 536 sticia
1248 502 1380 547 ubique
1404 503 1683 544 celebrarentur,
1709 505 1873 549 Hungari
1900 521 1978 542 eum
1999 522 2115 544 accer-

1125 553 1300 593 siverunt,
1328 565 1367 587 ac
1388 552 1519 597 Regem
1545 554 1610 587 sibi
1634 555 1884 598 praefecerunt.
1941 558 2008 593 Hic
2031 573 2113 595 vero

1125 615 1248 646 magna
1275 615 1353 637 eum
1373 605 1533 638 fortunae
1553 605 1701 638 varietas
1722 607 1866 650 excepit.
1922 608 2027 644 lnitio
2048 612 2114 645 do-

1124 655 1282 688 mesticas
1305 653 1558 698 Hungarorum
1583 656 1776 689 discordias
1804 657 1963 700 diremit,
1998 668 2030 695 et
2050 674 2113 705 pa-

1124 717 1197 738 cem
1226 705 1379 739 restituit
1411 705 1585 751 aequitate
1619 712 1652 739 et
1682 708 1923 741 moderatione
1951 709 2113 755 imperii,

1123 755 1197 788 sine
1220 756 1335 788 armis.
1390 755 1478 789 Nam
1503 769 1581 789 cum
1601 768 1641 789 eo
1663 763 1820 802 tempore
1837 757 2014 794 Baiazetes
2036 763 2111 796 cin-—

1122 806 1226 840 xisset
1251 806 1436 840 obsidione
1463 805 1818 851 Constantinopolin,
1853 816 1884 843 et
1916 809 2111 856 Imperator

1121 855 1310 902 Byzantius
1346 857 1382 890 in
1419 856 1573 890 Galliam
1610 859 1822 901 navigasset,
1867 867 1905 893 ut
1938 863 2108 896 auxilium

1121 919 1139 940 a
1160 905 1370 941 Christianis
1390 907 1548 951 Regibus
1570 914 1719 951 peteret,
1747 921 1966 955 nequaquam
1992 914 2109 947 deesse

1121 958 1236 991 vicino
1256 957 1406 1002 Imperio
1423 959 1545 997 voluit,
1564 970 1710 1004 suasque
1730 960 1820 992 vires
1837 972 1873 993 ac
1891 974 1972 1005 opes
1986 975 2108 996 omnes

1120 1009 1161 1041 ad
1192 1009 1390 1042 societatem
1419 1009 1501 1041 belli
1539 1009 1749 1043 collaturum
1779 1022 1813 1043 se
1842 1022 1913 1044 esse
1940 1014 2108 1048 ostendit.

1120 1060 1200 1091 ldeo
1223 1060 1430 1092 domesticas
1455 1059 1691 1092 dissensiones
1716 1071 1787 1093 non
1812 1061 2020 1104 irritandas,
2047 1065 2107 1097 sed

1118 1122 1259 1154 quoquo
1281 1111 1384 1143 modo
1401 1110 1617 1143 dirimendas
1643 1122 1715 1143 esse
1735 1112 1843 1144 duxit.
1897 1112 2021 1146 Statim
2042 1115 2106 1158 igi-

1118 1168 1174 1194 tur
1191 1160 1226 1192 in
1246 1160 1398 1206 Mysiam
1417 1160 1517 1194 duxit
1534 1161 1720 1201 exercitus,
1748 1168 1780 1194 et
1798 1162 1926 1195 multas
1946 1176 1999 1196 res
2024 1178 2105 1208 pro—

1116 1222 1215 1254 spere
1250 1212 1369 1254 gessit:
1409 1211 1593 1255 occupavit
1632 1211 1870 1253 Mummiam,
1903 1221 1934 1247 et
1970 1215 2106 1259 aliquot

1118 1262 1257 1305 praeliis
1278 1263 1367 1295 fudit
1389 1274 1427 1294 ac
1448 1262 1645 1305 profligavit
1667 1261 1833 1295 Turcicas
1855 1264 1982 1307 copias.
2035 1266 2103 1299 Sed

1118 1318 1341 1356 posteaquam
1361 1311 1491 1345 Gallici
1514 1313 1683 1345 exercitus
1710 1313 1744 1345 in
1763 1312 1979 1356 llungariam
1998 1328 2104 1349 vene-

1116 1369 1217 1402 runt,
1245 1374 1348 1407 seque
1370 1374 1448 1395 cum
1465 1361 1643 1405 Hungaris
1662 1363 1940 1406 coniunxerunt,
1966 1366 2014 1399 ibi
2033 1367 2103 1399 Ba—

1117 1412 1259 1453 metes,
1284 1413 1339 1445 cui
1362 1419 1503 1456 propter
1527 1413 1738 1446 celeritatem
1766 1426 1782 1445 a
1806 1414 1945 1458 fulgure
1971 1428 2102 1450 nomen

1114 1463 1198 1502 suit,
1238 1463 1369 1495 maiore
1395 1463 1574 1505 vigilantia
1609 1471 1641 1497 et
1665 1464 1857 1497 maioribus
1890 1466 1999 1510 copiis
2028 1479 2100 1501 rem

1113 1524 1232 1554 gerere
1249 1513 1376 1556 coepit.
1427 1510 1537 1545 Erant
1554 1513 1654 1546 initia
1673 1513 1757 1546 belli
1776 1514 2002 1558 Sigismundo
2020 1518 2102 1552 satis

1113 1563 1220 1601 laeta,
1248 1563 1338 1606 cepit
1356 1562 1449 1595 enim
1468 1562 1657 1606 Nicopolin
1677 1564 1777 1597 sitam
1802 1565 1837 1597 in
1867 1567 1966 1600 aditu
1983 1567 2102 1601 Mace-

1112 1613 1250 1646 doniae.
1289 1612 1411 1648 Postea
1430 1625 1511 1646 vero
1527 1626 1604 1647 cum
1623 1613 1719 1647 Galli
1737 1615 1874 1648 avidius
1892 1617 1928 1650 in
1947 1630 2100 1661 pugnam

1112 1671 1274 1704 ruerent,
1309 1676 1433 1707 magna
1466 1664 1564 1697 clade
1587 1671 1744 1709 accepta,
1780 1667 1888 1710 captis
1913 1667 2100 1702 Gallorum

1113 1714 1357 1758 Principibus,
1384 1714 1632 1756 Sigismundus
1657 1715 1713 1748 vix
1739 1717 1864 1755 evasit,
1889 1730 1959 1751 una
1979 1721 2101 1765 cymba

1111 1777 1189 1798 cum
1208 1764 1378 1807 Magistro
1396 1763 1541 1799 Rhodio
1557 1766 1762 1799 Danubium
1785 1767 1963 1802 traiiciens
1982 1770 2101 1815 inspe-

1111 1816 1288 1848 ctantibus
1315 1813 1491 1856 hostibus,
1527 1817 1587 1860 qui
1611 1828 1689 1849 cum
1718 1818 1815 1861 sequi
1843 1830 1900 1851 eos
1925 1831 1996 1852 non
2021 1833 2101 1865 pos-

1110 1873 1203 1904 sent,
1229 1866 1360 1908 sagittis
1381 1867 1555 1909 petebant.
1607 1864 1683 1899 Etsi
1702 1874 1816 1900 autem
1837 1877 1980 1903 eventus
2000 1883 2100 1915 prae-

1109 1917 1169 1956 lii,
1194 1923 1231 1949 ut
1245 1917 1328 1956 dixi,
1357 1917 1513 1950 funestus
1530 1916 1609 1957 fuit,
1637 1924 1751 1950 tamen
1768 1918 1943 1953 laudanda
1962 1928 2011 1954 est
2029 1922 2100 1954 vir-

1110 1975 1164 2001 tus
1181 1967 1417 2009 Sigismundi,
1447 1975 1478 2001 et
1497 1967 1666 2008 aliorum,
1694 1969 1754 2013 qui
1775 1970 1890 2002 deesse
1909 1969 2100 2015 Reipubli-

1108 2030 1167 2051 cae
1184 2018 1386 2058 noluerunt,
1405 2019 1464 2062 qui
1482 2030 1553 2050 non
1571 2029 1631 2051 sua
1649 2019 1796 2061 segnitie
1815 2017 1929 2053 hostes
1949 2022 2100 2056 invitare

1107 2069 1285 2107 solebant,
1326 2068 1403 2112 qui,
1447 2076 1616 2113 quantum
1654 2077 1865 2112 potuerunt,
1910 2072 2100 2115 reprimere

1108 2118 1294 2151 'l'urcicam
1324 2119 1518 2151 barbariem
1546 2120 1660 2151 conati
1685 2127 1784 2160 sunt3
1814 2128 1843 2153 et
1873 2123 2005 2164 profuit
2032 2121 2098 2156 bo-

1107 2181 1183 2201 rum
1231 2169 1341 2203 virtus
1384 2170 1425 2202 ad
1467 2171 1695 2202 retardandos
1737 2167 1890 2204 hostium
1935 2173 2097 2217 impetus.

1107 2219 1226 2261 Quare
1244 2232 1367 2262 magna
1387 2220 1461 2252 lans
1477 2220 1579 2252 etiam
1600 2218 1653 2252 his
1670 2220 1819 2253 sortibus
1837 2222 1920 2254 viris
1940 2224 2099 2264 debetur,

1105 2271 1163 2314 qui
1182 2283 1380 2315 quanquam
1398 2270 1607 2303 infoeliciter
1623 2270 1849 2313 dimicarunt,
1877 2279 1992 2306 tamen
2011 2273 2098 2308 Rei-

1106 2321 1265 2364 publicae
1291 2333 1391 2353 snum
1416 2321 1570 2353 officium
1593 2321 1851 2364 praestiterunt.
1905 2323 2005 2357 Sicut
2028 2324 2097 2358 De-

1104 2368 1303 2403 mosthenes
1331 2372 1394 2403 ait:
1424 2371 1544 2404 Laude
1564 2371 1689 2414 dignos
1709 2383 1780 2404 esse
1808 2374 1918 2413 cives,
1946 2375 2008 2419 qui
2036 2387 2097 2419 pa-

1105 2422 1205 2455 triam
1234 2421 1373 2455 sortiter
1400 2423 1614 2460 defenduut,
1642 2422 1745 2454 etiam
1769 2423 1794 2454 si
1822 2436 1943 2457 eorum
1971 2426 2096 2459 virtuti

1104 2485 1175 2505 non
1201 2473 1407 2516 respoudeat
1432 2473 1584 2505 fortuna.
1645 2472 1724 2505 Non
1751 2473 1843 2506 enim
1870 2483 1996 2508 eventu
2022 2489 2097 2508 me.-

1103 2523 1221 2556 tit-uda
1246 2530 1326 2556 sunt
1353 2520 1496 2556 honesta
1521 2523 1685 2563 consilia,
1717 2525 1775 2555 sed
1801 2537 1880 2557 vera
1906 2526 2042 2559 ratione
2062 2533 2094 2560 et

1102 2574 1227 2609 officio.
1272 2574 1355 2607 Ideo
1372 2581 1404 2607 et
1424 2573 1459 2606 in
1477 2571 1668 2618 Epitaphio
1687 2573 1815 2607 cixium
1835 2576 1995 2619 inscripti
2013 2583 2095 2609 sunt

1103 2622 1141 2657 bi
1161 2636 1297 2657 versus:
